4462 6120
431 704 478 772 so
928 672 1334 789 'atonastnntnn;.-
1357 680 1461 807 «fag.
1540 659 1573 749 Ἀ
1619 740 1624 749 -

431 864 571 936 teneor,
589 846 779 945 paululum
794 843 957 916 animum
972 839 1212 940 expedissem,
1233 857 1355 947 totuap
1370 810 1540 933 lacibus
1558 867 1617 919 me
1630 838 1825 942 colligens,

434 947 535 1069 coepi
551 968 894 1043 inummirationem
907 963 1039 1038 habere
1051 962 1483 1070 bssreliciagmiserationis
1494 956 1628 1041 divinae
1643 963 1828 1065 erga‘aalu·

433 1110 508 1165 tem
530 1091 652 1190 stirpis
673 1089 841 1162 humanae
850 1116 861 1177 ;
884 1054 1298 1193 quemadmbd‘dbs.qalbs
1313 1085 1433 1186 diligit
1449 1085 1693 1278 agnerando,
1709 1083 1829 1187 paedi-

432 1211 536 1284 cabili
555 1210 680 1285 dextra
696 1209 876 1297 medetur,
895 1224 932 1282 et
947 1191 1101 1308 paterno
1118 1188 1354 1323 perprtiendo
1371 1207 1485 1280 affect'
1513 1207 1661 1311 ,salutis
1677 1207 1829 1281 afflui-

433 1336 515 1405 tatis
533 1359 702 1433 prospera
720 1331 985 1404 subministrat.
1001 1330 1110 1428 Cujus
1122 1310 1326 1522 Qoe
1343 1329 1575 1430 iitagnitudo,
1596 1331 1680 1404 licet
1693 1319 1828 1430 ubique

434 1472 612 1527 terrarum
625 1482 661 1529 se
670 1454 864 1555 dignanter
878 1450 1077 1552 impendat,
1091 1467 1134 1523 ut
1143 1448 1216 1523 mic
1243 1453 1253 1522 i
1266 1469 1385 1529 tamen
1401 1451 1558 1541 videtur,
1573 1479 1650 1552 prae
1662 1452 1824 1552 reliquis,

433 1593 567 1650 nostrae
587 1576 678 1651 sedis
694 1575 865 1650 diocesim
883 1600 956 1646 suae
971 1572 1177 1647 dilectionis
1191 1597 1313 1646 amore
1326 1572 1473 1673 dignam
1485 1571 1609 1661 duxit,
1625 1570 1713 1646 dum
1721 1625 1734 1664 ,
1749 1573 1828 1646 exi-

430 1714 538 1796 gente
547 1696 709 1771 filiorum
719 1722 868 1770 suorum
876 1694 1126 1794 peccaminum
1134 1694 1245 1781 mole,
1255 1699 1303 1765 ita
1312 1719 1390 1766 eam
1397 1691 1827 1792 verberedisciplinabilis

431 1820 668 1895 correctionis
677 1818 856 1906 submisit,
868 1834 911 1889 ut
919 1817 1065 1890 efferam
1075 1833 1220 1915 gentem
1228 1842 1454 1916 paganorum
1462 1841 1748 1929 quaquaveraffln
1756 1842 1828 1889 cae-

431 1938 556 2029 dibus,
574 1939 767 2025 incendiis,
786 1936 1129 2039 depopulatlllnibus
1144 1936 1334 2037 debachari
1351 1938 1427 2012 sine
1438 1938 1555 2039 aliqua
1570 1935 1826 2041 petractatione

430 2035 647 2160 permiserit.
668 2059 797 2132 Nullus
814 2057 935 2134 bonor
949 2056 1226 2162 impendebatur
1238 2042 1350 2161 totila,
1366 2059 1485 2177 {W
1503 2085 1564 2136 eos
1578 2057 1826 2157 indifferenter

431 2180 571 2254 llamma
590 2181 792 2268 lambente,
811 2179 904 2287 still
920 2178 1112 2280 dignitati,
1135 2180 1231 2252 aetati
1250 2178 1306 2252 vel
1331 2152 1417 2252 ¹¹'i
1437 2156 1652 2255 accedebant
1669 2179 1825 2276 remedia

430 2303 614 2403 parcendi,
626 2302 746 2405 gladio
759 2278 977 2402 impiissimas
989 2301 1211 2376 crudelitatis
1222 2180 1572 2397 uniiffisetente.
1585 2306 1823 2379 Tuncomnia

430 2426 535 2524 hujus
548 2427 718 2527 episcopii
737 2427 920 2533 destructa
932 2440 1025 2539 spot
1044 2426 1147 2526 igne,
1167 2427 1385 2501 monasteria
1405 2443 1638 2529 consumpta,
1654 2426 1825 2502 aecclesie

430 2573 521 2647 pene
538 2573 664 2622 omnes
679 2546 792 2623 funde
807 2524 1097 2649 tenui3dirutce.
1121 2548 1159 2619 Si
1181 2573 1253 2648 qua
1274 2573 1361 2623 vero
1378 2538 1507 2624 eorum
1522 2573 1665 2623 evasere
1680 2572 1823 2639 manus,
1951 2535 1952 2539 ¹

428 2669 635 2745 domesticae
662 2670 905 2771 oppressionis
932 2648 1008 2742 tani
1031 2672 1257 2770 privatorum
1281 2698 1390 2772 quam
1417 2687 1611 2771 potentum
1634 2689 1825 2746 senserunt

429 2791 658 2866 detrimenta.
669 2792 832 2866 Tandem
846 2793 1069 2892 prospiciens
1081 2791 1126 2866 de
1139 2793 1277 2869 excelso
1295 2795 1512 2895 propiciatio
1533 2820 1700 2896 superna,
1721 2793 1824 2870 indo-

429 2912 498 2986 luit
515 2915 731 2989 alllictorum
749 2915 907 2988 lacrimis
932 2931 969 2988 et
988 2915 1224 3014 gemebundis
1240 2918 1458 2993 miserorum
1479 2919 1657 3025 querelis,
1680 2918 1821 3018 sicque,

427 3036 530 3108 coelis
546 3033 802 3149 miseripordiae
823 3060 945 3110 rorem
962 3035 1183 3110 stillantibus
1195 3037 1377 3114 obsidioni
1398 3067 1490 3138 pene
1509 3040 1677 3139 protritae
1698 3038 1820 3128 urbis,

426 3156 545 3230 divina
562 3184 598 3231 se
617 3149 864 3232 subueniendo
874 3210 885 3243 ‚
902 3156 1068 3246 indulsit,
1088 3157 1176 3230 dum
1192 3179 1275 3258 post
1293 3162 1441 3235 illorum
1455 3161 1637 3236 bellorum
1652 3160 1822 3234 validissi-

426 3308 521 3352 mam
537 3281 808 3381 oppressionem
821 3278 885 3351 diu
896 3296 1030 3379 optatae
1043 3281 1140 3381 pacis
1157 3280 1282 3381 gaudia
1302 3282 1459 3357 arridere
1477 3285 1664 3370 concessit.
1681 3286 1820 3357 Interea

427 3427 501 3474 non
527 3403 646 3474 multo
677 3418 776 3500 post,
802 3399 947 3499 Agano,
974 3407 1029 3472 vir
1059 3400 1226 3490 illustris,
1253 3400 1359 3502 hujus
1391 3403 1559 3478 aecclesiae
1589 3403 1820 3478 sublimitatis

427 3526 593 3623 indeptus
609 3523 847 3623 pontificatu,
867 3539 983 3597 totam
1008 3524 1118 3597 animi
1143 3526 1384 3601 intentionem
1410 3528 1448 3599 in
1473 3525 1719 3602 reedificandis
1736 3554 1820 3602 mo-

425 3647 589 3718 nasteriis
606 3643 897 3746 restruendisque
914 3646 1081 3720 aecclesiis
1095 3646 1251 3748 dirigere
1268 3651 1408 3749 sategit.

474 3769 591 3841 «Erat
606 3767 644 3838 in
657 3764 836 3841 suburbio
844 3770 920 3866 jam
935 3767 1042 3841 dictae
1057 3769 1157 3841 urbis
1171 3771 1337 3845 Carmotis
1349 3771 1489 3846 celebre
1502 3798 1522 3844 a
1534 3772 1659 3871 priscis
1677 3786 1816 3872 tempo·
1863 3851 1871 3866 ,

422 3891 523 3964 ribus
541 3892 802 3964 monasterium
821 3892 859 3964 in
881 3890 1023 3967 bonore
1044 3893 1219 3996 principis
1240 3895 1489 3995 apostolorum
1511 3894 1689 3984 dicatum,
1710 3922 1819 3997 regn·

422 4013 557 4086 laribus
574 4013 772 4116 disciplinis
789 4032 988 4105 assuetum,
1004 4033 1070 4103 set,
1084 4019 1264 4116 praemissa
1275 4020 1487 4106 vastatione,
1502 4018 1721 4119 neglectum,
1736 4020 1819 4091 vix-

420 4136 507 4209 dum
534 4138 571 4207 in
595 4136 743 4235 parvula
766 4137 924 4211 aecclesia
944 4139 980 4210 in
1006 4141 1176 4213 canonica
1199 4142 1429 4216 institutione
1445 4139 1714 4226 transductum,
1733 4141 1813 4229 coi,

420 4261 553 4334 nostris
574 4259 818 4360 temporibus,
839 4249 994 4379 prffflpt
1011 4261 1225 4351 venerabilis
1237 4264 1294 4335 vir
1311 4263 1457 4350 Alaeus,
1474 4263 1637 4365 quamvis
1653 4260 1721 4333 snb
1737 4286 1817 4334 sce·

418 4400 512 4457 mate
531 4384 715 4472 canonici;
730 4401 872 4458 amator
886 4372 1062 4459 el‘cultor
1080 4387 1285 4486 religionis,
1306 4389 1369 4490 qui
1391 4411 1549 4487 persoepe
1563 4391 1647 4458 cum
1660 4383 1815 4484 praelato

415 4504 589 4603 pontifice
598 4517 752 4578 tractare
762 4505 1037 4607 coepitqualiter
1047 4505 1145 4608 quod
1154 4509 1276 4585 animo
1285 4507 1520 4597 deliberabat,
1536 4532 1646 4608 opere
1658 4505 1702 4578 ad
1711 4500 1815 4579 effec—

416 4643 494 4698 tum
514 4626 739 4726 perduceret.
757 4625 865 4722 Quod
882 4652 1037 4728 superna
1053 4626 1238 4704 annuente
1250 4631 1375 4706 Gratia
1388 4647 1426 4706 et
1439 4630 1609 4703 antistitis
1621 4626 1811 4702 favorabili
1954 4656 2017 4841 ἢ

458 4910 464 4932 ¹
488 4898 532 4957 Sic
553 4897 611 4957 duo
628 4897 761 4977 codices3
782 4900 833 4960 sed
854 4901 1028 4983 legendnm,
1038 4901 1139 4985 fundo
1158 4918 1251 4963 tenus.
