4462 6120
770 767 807 837 S.
829 763 973 838 PETRI
998 758 1336 834 GARNOTENSlS.
1586 804 1589 813 ·
1678 762 1745 829 199

355 914 688 1003 corroboravimus,
705 927 814 1012 etque
825 909 927 982 ducis
940 905 1106 1007 lingonis
1123 901 1379 1005 nobiliumque
1394 905 1561 982 uirorum
1573 903 1747 980 corrobo-

352 1034 508 1108 randum
524 1033 708 1121 dedimus,
730 1057 889 1134 quorum
905 1030 1055 1104 nomina
1075 1025 1325 1100 mandavimus
1342 1024 1583 1103 subscribere.
1616 1027 1653 1100 S.
1666 1028 1747 1099 Hu-

350 1158 455 1258 gonis
472 1156 587 1230 ducis.
612 1157 651 1230 8.
662 1154 826 1229 filiorum
843 1157 918 1253 ejus
928 1206 941 1244 ,
953 1148 1116 1226 'Othonis
1134 1165 1172 1224 et
1186 1150 1365 1250 Hugonis.
1385 1147 1569 1225 S.0donis
1586 1149 1743 1223 comitis.

350 1279 386 1350 S.
400 1280 585 1381 Hugonis,
603 1278 748 1354 comitia
760 1277 1094 1352 Cenomanorum.
1125 1270 1163 1345 S.
1174 1273 1322 1362 Hervei,
1342 1273 1488 1348 comitis
1499 1272 1742 1345 Mauritania,

348 1401 387 1472 8.
400 1400 580 1476 Lamberti
600 1400 834 1475 vicecomitis.
862 1396 1100 1474 S.VVillelmi
1122 1394 1300 1471 advocati.
1330 1397 1364 1468 S.
1377 1394 1536 1469 Siefridi.
1565 1393 1604 1466 8.
1617 1391 1745 1466 Aimo-

348 1526 417 1595 nis.
437 1525 477 1597 S.
486 1523 720 1598 Gualeranni.
739 1520 938 1595 sanandi
952 1520 1090 1594 vicarii.
1106 1519 1194 1591 Data
1210 1535 1264 1593 est
1272 1519 1338 1595 Vll
1351 1516 1517 1592 kalendas
1529 1515 1632 1607 Julii,
1645 1540 1743 1587 anno

346 1647 468 1743 primo
484 1648 587 1747 regni
604 1646 699 1745 repis
717 1626 933 1718 chlotharii.
949 1672 968 1712 a

394 1767 518 1841 Nostri
534 1767 690 1870 denique
706 1780 947 1840 antecessores
962 1762 1055 1837 banc
1069 1762 1138 1837 sibi
1156 1777 1292 1836 cartam
1308 1762 1467 1837 sufficere
1481 1762 1686 1854 credentes,
1703 1767 1741 1837 in

344 1888 499 1964 archivis
511 1890 669 1966 ecclesias
682 1915 823 1963 servare
835 1902 1022 1976 curantes,
1033 1886 1078 1960 ad
1094 1902 1325 1986 posterorum
1341 1886 1536 1978 noticiam,
1553 1914 1662 1986 super
1676 1887 1741 1960 bec

342 2038 384 2085 re
400 2011 550 2085 alteram
567 2011 724 2086 scribere
743 2011 1000 2111 neglexerunt,
1019 2025 1153 2110 praeter
1169 2035 1318 2082 manum
1335 2007 1478 2081 firmam
1494 2034 1604 2108 quam
1622 2009 1739 2081 datam

342 2155 416 2206 esse
433 2131 480 2205 ab
495 2130 626 2209 abbate
642 2132 822 2209 landrico
839 2131 981 2234 praefati
999 2159 1136 2205 sumus.

390 2254 497 2328 Nunc
514 2282 602 2356 ergo
621 2256 725 2330 stilus
742 2257 786 2330 ad
803 2256 930 2331 cellam
945 2256 1103 2329 Ledonis
1119 2255 1240 2329 cniae
1258 2253 1410 2329 festinus
1431 2269 1609 2346 vertatur,
1631 2270 1738 2355 atque

340 2392 455 2449 cartas
476 2378 731 2454 tantummodo
759 2378 845 2451 duas
872 2405 955 2480 quae
982 2377 1148 2451 landrici
1176 2374 1315 2450 abbatis
1342 2393 1507 2476 tempore
1535 2375 1628 2451 datoe
1651 2393 1737 2451 sunt

339 2498 557 2592 scribentes,
577 2501 688 2576 finem
706 2500 897 2590 faciamus,
918 2515 955 2573 et
972 2500 1022 2572 sic
1038 2499 1083 2573 ad
1098 2498 1237 2572 abbatis
1256 2500 1430 2574 Huberti¹
1447 2514 1560 2571 cartas
1577 2496 1735 2598 penum

338 2639 462 2696 1108Πᾶ
481 2641 618 2698 cuml-

722 2784 1090 2874 cnnruuun
1125 2738 1399 2903 anxius
1489 2814 1492 2819 ·

633 3031 677 3090 Dc
690 3029 763 3090 cella
778 3030 903 3089 Ledonis
919 3030 1012 3099 Curiae
1027 3030 1092 3089 data
1107 3052 1122 3088 a
1140 3029 1298 3090 VValterio
1314 3034 1428 3089 comite.

384 3286 403 3323 a
416 3255 586 3327 Summe²
601 3253 837 3326 successarium
851 3268 905 3325 est
917 3252 1115 3353 unicuique
1127 3268 1310 3344 nostrum,
1325 3271 1367 3326 ut
1379 3278 1423 3326 ex
1438 3256 1591 3357 hisquae
1606 3260 1642 3328 in
1660 3257 1730 3332 hoc
1756 3292 1812 3338 sa,
1827 3309 1848 3338 ι.
1863 3295 1932 3342 1055,

332 3376 472 3451 mundo
484 3390 570 3448 sunt
582 3370 651 3471 sibi
663 3401 683 3448 a
696 3375 774 3449 Deo
787 3372 930 3466 collata,
944 3370 1097 3475 propter
1111 3372 1427 3449 honorificentiam
1441 3376 1729 3477 Omnipotentis,

333 3497 506 3572 aecclesias
530 3499 569 3571 in
588 3514 797 3572 sanctorum
818 3497 995 3572 memoria
1009 3496 1082 3570 late
1098 3523 1164 3597 per
1179 3495 1306 3570 orbem
1324 3512 1571 3592 constructas,
1587 3514 1730 3600 aposto⁴

331 3601 451 3695 lorum
489 3619 656 3695 videlicet
690 3639 966 3722 ceterorumque
1000 3626 1208 3695 sanctornm
1244 3620 1464 3721 locupletare
1497 3620 1724 3697 muneribus.

330 3741 490 3845 Dignum
513 3759 567 3817 est
596 3744 717 3847 itaque
746 3744 952 3846 apostolum
976 3743 1126 3817 Petrum
1148 3744 1289 3844 placare
1311 3744 1572 3846 quamobtimis
1594 3746 1726 3839 donis,

328 3868 390 3969 qui
417 3890 600 3940 summum
623 3863 722 3942 tenet
745 3869 884 3968 apicem
908 3864 1110 3965 aRDomino
1132 3852 1265 3977 ligandi
1286 3867 1520 3971 solvendique
1547 3871 1726 3969 peccami-

328 4014 418 4062 num
435 4015 549 4063 nexus
573 3989 610 4085 in
636 4005 732 4063 terra
757 4005 795 4064 et
819 3989 856 4061 in
875 3987 986 4071 coslo.
1009 3989 1147 4061 lccirco
1172 4012 1240 4088 ego
1260 4011 1380 4064 comcs
1398 3989 1636 4083 VValterius,
1656 3990 1729 4091 pro'
1764 4050 1767 4057 .

327 4111 439 4184 salute
452 4110 685 4186 animae'meae
697 4128 734 4185 et
747 4109 907 4186 remedio
923 4111 1126 4195 animarum
1142 4126 1408 4187 antecessorum
1423 4136 1607 4213 meorum,
1620 4112 1726 4187 laude

326 4231 487 4306 fidelium
505 4251 739 4327 nostrorum,
763 4235 988 4336 superiorem
1010 4234 1206 4307 aecclesiam
1225 4232 1379 4329 Ledonis
1403 4236 1524 4309 Curiae
1548 4214 1723 4327 matribus
1796 4269 1798 4273 ⁴

325 4348 488 4430 stenobii
502 4356 613 4429 sancti
632 4356 727 4430 Petri
743 4336 989 4448 carnotensis,
1001 4354 1372 4458 per,deprecationem
1387 4357 1553 4461 bandrici
1568 4357 1723 4449 abbatis,

325 4476 484 4554 concedo
500 4494 607 4580 atque
625 4477 820 4570 submitt03
841 4481 1010 4583 quatinus
1028 4475 1196 4607 mopachi
1215 4476 1373 4581 ejusdem
1391 4468 1553 4589 agnobit
1570 4479 1721 4552 liberam

366 4748 374 4774 ¹
388 4708 555 4823 (lomplurles
568 4674 656 4820 hujus
671 4734 796 4839 Huberti
810 4694 987 4822 chart-fliam
1003 4762 1092 4822 supra
1105 4741 1188 4802 editas
1202 4738 1294 4817 sulm-
1303 4692 1496 4824 ea's'elusdgm
1510 4692 1638 4816 ib't'alis,
1657 4762 1722 4834 quc

323 4844 426 4905 soloin
442 4846 504 4906 cod.
521 4846 544 4906 B
562 4847 736 4923 reseruntur,
752 4870 820 4951 mox
834 4838 950 4931 quoque
964 4849 1128 4930 prodemus.

365 4960 375 4986 ²
393 4949 492 5011 Exstat
507 4954 536 5012 in
555 4954 638 5014 Gall.
659 4953 778 5028 Christ,
795 4970 816 5016 t.
834 4955 928 5030 Vlll,
945 4957 1043 5030 inste,
1061 4957 1114 5017 col.
1131 4957 1201 5016 302.
