4462 6120
734 719 772 791 S.
794 719 936 793 PETRI
962 718 1297 796 CARNOTFNSlS.
1667 726 1711 795 l'l

324 883 435 943 tatem
454 866 582 943 habeat
598 865 748 941 eandem
769 864 989 943 concedendi
1014 883 1076 939 aut
1092 866 1336 941 venundandi.
1358 867 1432 941 llec
1447 891 1535 944 vero
1558 870 1712 959 cartula,

323 1008 364 1063 ut
392 1017 458 1092 per
489 990 758 1111 suecedentigm
789 1004 997 1089 temporum
1026 989 1207 1062 curricula
1225 989 1489 1064 'inviolabilem
1520 992 1716 1067 inconvul-

323 1140 468 1215 samque
491 1112 656 1189 obtineat
676 1110 907 1201 firmitatem,
931 1139 1042 1185 manu
1062 1114 1209 1212 propria
1229 1113 1354 1186 subter
1373 1103 1452 1186 eam
1472 1112 1712 1205 firmavimus,

324 1251 360 1309 et
384 1237 644 1311 canonicorum
671 1254 882 1311 nostrorum
906 1236 1065 1335 propriis
1090 1234 1257 1308 manibus
1284 1234 1528 1310 roborandam
1551 1236 1717 1311 decrevi-

295 1411 299 1415 ·
324 1385 418 1431 mus.
438 1359 526 1431 Data
551 1377 604 1433 est
627 1386 724 1433 anno
743 1360 901 1434 secundo
921 1360 1023 1460 regni
1048 1357 1185 1433 Odonis
1205 1361 1320 1459 regis¹
1348 1357 1517 1433 feliciter.
1538 1360 1717 1461 lngelgal-

325 1480 408 1570 dus,
428 1481 589 1557 sacerdos
607 1481 797 1583 indignus,
817 1483 972 1582 scripsit.
993 1513 1011 1551 u

375 1630 529 1704 Silentio
554 1631 682 1703 tradita
706 1630 1030 1707 corroboratorum
1057 1631 1205 1705 nomina
1224 1629 1506 1718 subscriberem,
1527 1632 1555 1702 si
1577 1631 1744 1704 emolu-'

327 1767 493 1823 mentum
511 1754 751 1851 praesentibus
774 1755 831 1827 vel
855 1753 989 1827 futuris
1006 1753 1154 1854 aliquod
1171 1754 1313 1827 scirem.
1333 1754 1472 1828 Verum
1492 1754 1577 1855 quia
1603 1753 1640 1826 iu
1666 1751 1721 1826 his

328 1871 589 1946 detrimentum
607 1902 725 1976 neque
741 1877 1029 1950 emolumentum
1045 1876 1162 1948 ullum
1179 1874 1384 1975 perpendo,
1403 1874 1447 1947 ad
1462 1875 1588 1949 domni
1605 1874 1721 1974 Agani

329 1995 461 2094 scripta
478 1996 602 2067 stilus¹
624 2012 799 2083 vertatur,
814 1997 876 2096 qui
890 1997 1012 2071 locum
1023 2025 1041 2069 a
1053 1998 1200 2098 paganis
1210 1997 1449 2086 destructum,
1465 1997 1586 2069 divina
1599 1997 1722 2095 opitu·

330 2116 426 2189 laute
448 2118 585 2217 gratia,
605 2116 775 2190 decenter
791 2133 994 2189 restaurans
1018 2118 1240 2191 clerinomiae
1256 2119 1394 2191 seriem
1415 2116 1506 2190 inibi
1527 2119 1605 2191 Deo
1622 2117 1730 2190 mili-⁸

330 2253 488 2311 taturam
504 2239 736 2339 subrogavit,
755 2238 909 2340 quadam
929 2239 1162 2337 portiuncula
1180 2265 1304 2311 rerum
1320 2239 1411 2314 olim
1431 2239 1514 2314 loco
1532 2221 1725 2337 pertinen-

334 2362 426 2432 tium
437 2360 615 2460 delegata,
634 2387 715 2461 quae
729 2387 928 2460 corporum
943 2358 1214 2433 necessitatibus
1230 2361 1478 2461 supplementa
1496 2377 1723 2462 suggereret,
1793 2393 1799 2405 ·

332 2500 459 2579 atque,
482 2483 612 2576 procul
628 2484 775 2584 expulsa
791 2508 917 2556 rerum
932 2498 1143 2556 exterorum
1157 2483 1169 2524 ⁸
1193 2482 1456 2571 sollicitudine,
1478 2484 1596 2557 clerus
1611 2481 1726 2557 libera

333 2599 567 2673 meditatione
583 2598 715 2672 divinis
729 2602 910 2672 insisteret
924 2603 1102 2677 laudibus.
1124 2604 1254 2678 Undel
1274 2604 1428 2706 dignum
1442 2604 1610 2678 duximus
1628 2620 1671 2677 ut
1683 2603 1727 2679 de

335 2721 592 2795 membranulis
616 2721 775 2795 collectis
798 2720 958 2795 donariis
975 2747 1056 2822 quae
1078 2721 1133 2794 vel
1157 2723 1232 2823 ipse
1252 2727 1305 2799 vel
1331 2727 1390 2799 alii
1413 2727 1634 2801 devotissimi
1658 2727 1727 2799 viri

335 2844 417 2920 loco
435 2845 691 2933 contulerunt,
711 2870 824 2944 usque
846 2843 889 2916 ad
911 2844 947 2917 id
967 2846 1140 2945 temporis
1159 2872 1234 2945 quo
1252 2848 1465 2923 venerabilis
1484 2848 1731 2950 Ragenfredus

335 2964 533 3039 decentiori
552 2981 647 3079 statu
664 2981 772 3066 atque
789 2966 1006 3065 religiosiori
1027 2969 1127 3040 cultu
1151 2969 1306 3042 eundem
1325 2972 1447 3045 locum
1473 2971 1727 3072 infastigiavit,

338 3087 430 3161 liber
445 3082 581 3187 Ha'gani
595 3089 777 3162 vocitetur
785 3117 796 3176 3
814 3088 852 3158 in
866 3113 941 3188 quo
957 3086 1109 3188 diligens
1125 3089 1242 3165 lector
1252 3094 1375 3164 omnia
1386 3092 1464 3165 'fere
1478 3095 1638 3167 inveniet
1650 3120 1730 3194 quae

339 3210 377 3281 in
403 3210 479 3308 ipso
505 3210 706 3283 intersticio
733 3209 890 3283 duorum
917 3211 1136 3285 eximiorum
1161 3213 1355 3310 praesulum
1377 3213 1579 3286 afidelibus
1603 3215 1732 3288 collata

337 3331 394 3405 vel
413 3357 578 3406 concessa
596 3359 669 3406 esse
686 3332 870 3406 videntur.

387 3454 579 3554 Sequentis
588 3480 673 3529 vero
682 3457 801 3555 operis
813 3453 1029 3556 agiographa
1041 3454 1258 3555 Ragenfredi
1272 3454 1366 3529 liber
1379 3470 1624 3555 noncupetur,
1636 3456 1733 3555 quia,

339 3578 565 3677 propiciante
587 3575 709 3649 divina
733 3578 940 3666 clementia,
961 3581 1036 3677 ejus
1060 3577 1180 3653 studio
1204 3581 1358 3678 geminis
1384 3576 1618 3678 provectibus
1633 3578 1734 3652 locus

384 3925 393 3951 ¹
410 3917 494 3973 Anno
504 3913 566 3997 889
581 3916 625 3974 vel
637 3913 708 3999 890.
1058 3916 1182 3998 scriptas
1200 3916 1312 3997 repperi
1334 3916 1365 3973 iu
1388 3914 1499 3973 duobus
1518 3913 1633 3984 rotulis,
1651 3923 1738 3994 atque

384 4011 434 4096 ’B
452 4033 459 4067 ι
471 4012 612 4093 pennula.
1058 4012 1276 4072 consuetudines
1298 4032 1373 4095 quas
1395 4011 1432 4068 ab
1455 4010 1592 4091 agricolis
1614 4008 1739 4090 accipie-

385 4105 396 4144 ³
412 4105 458 4165 Ita
470 4107 532 4166 cod.
1057 4108 1126 4168 bant
1132 4155 1142 4181 ,
1161 4130 1225 4193 quoe
1240 4109 1362 4167 multum
1374 4107 1540 4189 discrepant
1552 4128 1571 4165 a
1584 4117 1740 4164 cousuetu-

384 4203 431 4264 ⁴B
445 4225 453 4261 τ
467 4203 548 4262 Unde
561 4203 680 4283 dignum
694 4203 770 4262 duri
780 4202 921 4286 adfinem
935 4202 1023 4284 liujus
1060 4207 1175 4265 dim'bus
1202 4207 1294 4264 nostri
1316 4206 1461 4286 temporis.
1485 4205 1599 4263 Earum
1619 4201 1740 4286 denique

345 4303 452 4385 epilogi
466 4317 563 4361 cartas
579 4302 700 4361 scribere
716 4303 810 4361 eds'tas
828 4304 865 4361 ab
882 4305 1024 4386 episcopis
1059 4322 1151 4362 rerum
1165 4315 1280 4372 cartas,
1294 4301 1345 4359 oei
1357 4301 1471 4358 nonu'na
1491 4301 1609 4359 illorum
1625 4300 1678 4383 qui
1690 4320 1741 4358 eas

344 4398 1025 4483 AgenoridelicetctRagensrcdoatquesancti
1060 4398 1160 4479 largiti
1179 4411 1246 4455 sunt
1267 4384 1379 4454 minime
1399 4396 1503 4454 inveni.
1524 4395 1626 4455 Utrum
1646 4407 1742 4454 autem

348 4497 478 4556 carauni
494 4497 596 4557 abbate
612 4496 773 4582 Gmdulso,
795 4498 830 4556 de
848 4499 932 4557 mbas
947 4499 1025 4558 datis
1059 4501 1202 4547 uetustate
1222 4488 1337 4546 abalim
1356 4500 1440 4558 sunt,
1463 4500 1515 4544 out
1536 4484 1661 4544 bostium
1678 4485 1741 4566 igue

346 4595 395 4654 uel
413 4594 532 4653 redditis
550 4610 636 4679 atque
652 4599 794 4655 concessis
811 4597 921 4656 Sancto
936 4597 1023 4656 Petro
1058 4598 1207 4656 cremam,
1225 4598 1276 4643 “lli
1287 4604 1436 4667 nunquam
1446 4582 1572 4665 scriptas
1584 4580 1743 4641 Wlbamm

347 4687 383 4745 ab
400 4692 457 4760 eis,
481 4688 549 4747 dum
566 4689 663 4748 adhuc
676 4689 808 4750 canonia
821 4691 881 4749 loco
896 4690 1025 4750 deservi·
1054 4687 1192 4766 penuriis,
1205 4683 1319 4742 minime
1329 4682 1398 4742 scio.

347 4794 418 4840 rent.
436 4781 547 4841 Deinde
568 4805 613 4842 res
631 4807 788 4867 possessos
807 4784 844 4844 ab
865 4785 931 4844 illis
950 4806 1025 4868 quas

1581 4884 1601 4954 ὅ
1641 4834 1644 4841 .
