4462 6120
433 717 501 786 120
949 716 1297 794 blONASTERlUM

427 860 617 948 rutilabat,
638 876 679 930 ut
695 858 740 931 ab
754 859 892 948 Odone,
909 862 1068 960 palatino
1087 867 1239 955 comite,
1259 865 1453 941 admodum
1469 866 1694 970 diligeretur,
1712 889 1822 977 atque

427 982 593 1056 Richardi
609 984 845 1056 Normanniae
862 986 1006 1058 comitis
1021 988 1207 1060 confessor
1224 987 1338 1079 fieret,
1357 995 1458 1090 cujus
1475 1018 1555 1090 sepe
1573 991 1823 1071 honorificen-

427 1106 484 1177 tiis
503 1104 703 1177 fruebatur.
726 1108 825 1178 luter
843 1132 930 1205 quas
951 1108 1147 1180 aecclcsiam
1171 1127 1380 1184 sanctorum
1404 1111 1562 1186 Gervasii
1586 1132 1622 1187 et
1646 1117 1818 1211 Protasii,

426 1253 509 1298 cum
532 1228 746 1327 appenditiis
773 1231 865 1318 suis,
891 1231 922 1301 ci
951 1229 1061 1302 dedit.
1093 1239 1152 1305 Set
1183 1234 1373 1306 insatiabili
1398 1237 1549 1309 avaricia
1577 1241 1819 1340 quorumdam

423 1348 686 1424 monachorum
700 1377 791 1450 quos
809 1349 859 1422 ibi
876 1368 1044 1450 posucrat
1060 1370 1183 1451 postea
1199 1353 1367 1453 perdidit.
1382 1357 1447 1429 Est
1461 1359 1559 1430 enim
1573 1359 1645 1459 ipsa
1663 1362 1819 1436 aecclesia

423 1497 500 1545 non
513 1472 621 1572 longe
634 1500 651 1544 a
665 1473 852 1546 moenibus
866 1476 1057 1574 Rotomagi
1076 1474 1178 1547 urbis
1194 1478 1274 1550 sita.
1296 1479 1461 1579 Cumque
1474 1481 1625 1580 singulis
1638 1481 1764 1556 diebus
1780 1485 1819 1558 in

422 1595 608 1695 quoquina
626 1597 768 1668 comitis
785 1596 938 1694 piscium
955 1596 1129 1668 decimam
1148 1625 1167 1668 a
1185 1600 1298 1687 cocis,
1318 1625 1380 1672 seu
1397 1628 1415 1672 a
1432 1601 1692 1701 piscatoribus,
1711 1631 1820 1706 super

422 1717 539 1815 ripam
556 1717 743 1817 Sequanae,
758 1717 953 1816 supradicti
969 1717 1136 1791 monachi
1151 1721 1376 1819 reciperent,
1392 1749 1469 1795 non
1486 1723 1590 1799 edere
1605 1751 1723 1826 neque
1735 1727 1820 1799 Car·

422 1841 518 1911 notis
530 1837 704 1910 fratribus
721 1841 866 1912 mittere
879 1859 1023 1940 gratum
1039 1866 1112 1914 esse
1125 1840 1324 1932 ducebant;
1345 1862 1412 1934 set,
1429 1844 1575 1945 publice
1592 1873 1720 1921 eorum
1732 1875 1819 1948 pre-

421 1961 518 2032 cium
529 1959 574 2032 ab
588 1961 813 2061 emptoribus
824 1965 1052 2063 accipientes,
1071 1966 1109 2036 in
1124 1967 1196 2037 suis
1211 1965 1450 2040 conferebant
1463 1969 1657 2041 crumenis.
1672 1971 1729 2042 Ex
1741 1997 1818 2071 quo

420 2109 529 2182 opere
550 2082 596 2155 ab
618 2085 719 2158 omni
738 2083 843 2183 plebe
866 2084 967 2156 urbis
991 2085 1050 2158 Osi
1078 2105 1165 2185 aput
1189 2088 1360 2160 comitem
1381 2087 1475 2161 fama
1496 2089 1681 2189 pervolat,
1703 2118 1817 2194 aquo

420 2205 541 2296 etiam,
560 2223 711 2306 propter
725 2205 822 2277 hunc
837 2207 1000 2278 avariciae
1013 2204 1199 2293 morbum,
1211 2208 1299 2305 jussi
1317 2224 1436 2279 sunta
1452 2209 1533 2284 loco
1546 2211 1681 2311 egredi.
1697 2212 1817 2286 Abbas

419 2352 506 2401 vero
516 2381 527 2416 ,
546 2326 635 2399 dum
651 2328 762 2414 vixit,
783 2327 886 2401 nullo
904 2326 1014 2401 modo
1035 2328 1217 2399 tramitem
1234 2328 1369 2427 regulae
1386 2356 1404 2400 a
1422 2356 1608 2430 quoquam
1625 2360 1746 2432 passus
1762 2352 1815 2409 est

419 2448 573 2539 deviari3
593 2465 663 2538 set,
685 2450 762 2547 ipso
778 2449 936 2547 praevio,
956 2473 1082 2524 omnes
1094 2449 1303 2548 magistram
1319 2450 1564 2550 sequebantur
1580 2454 1760 2553 regulam,
1779 2474 1817 2530 et

420 2571 590 2671 operibns
605 2571 710 2642 variis
723 2570 847 2643 diatim
864 2570 1057 2644 alllucbant
1079 2573 1116 2642 in
1135 2571 1307 2646 Domino.
1327 2571 1432 2645 Untle
1449 2570 1630 2664 diabolus,
1653 2574 1816 2650 invidens

419 2721 558 2794 semper
579 2693 790 2766 felicissimis
818 2693 978 2780 actibus,
1005 2720 1071 2790 per
1095 2692 1269 2793 quosdam
1290 2719 1439 2783 eorum,
1461 2722 1618 2794 quorum
1642 2697 1719 2770 leve
1738 2718 1816 2772 erut

419 2819 624 2917 ingenium,
644 2840 791 2916 persepe
811 2815 995 2887 inmeritas
1011 2814 1181 2886 actitabat
1199 2814 1305 2889 beato
1323 2831 1358 2888 ct
1375 2818 1528 2916 simplici
1553 2819 1631 2893 viro
1649 2820 1812 2919 injurias.

419 2942 481 3013 Sct
497 2942 581 3041 qum
597 2940 750 3037 longum
771 2954 824 3009 est
843 2939 894 3009 irc
913 2937 1167 3038 persingulas,
1188 2963 1298 3008 unam
1317 2962 1441 3010 earum
1462 2939 1579 3038 palum
1596 2940 1672 3013 fieri
1691 2943 1811 3033 volui,

417 3087 527 3162 quam
537 3064 567 3134 ci
581 3059 728 3132 humaui
737 3060 877 3159 generis
890 3058 1056 3130 inimicus
1070 3060 1249 3158 congessit
1265 3084 1329 3158 per
1339 3059 1588 3151 VValterium,
1604 3067 1812 3138 monasterii

417 3182 608 3273 decanum,
626 3184 707 3284 qui,
725 3183 886 3283 (quamvis
902 3182 938 3253 in
954 3180 1080 3254 studiis
1094 3182 1349 3255 aecclesiasticis
1363 3179 1586 3257 honorabilis
1602 3183 1811 3283 baberetur,

417 3323 537 3379 tamen
568 3308 604 3377 in
629 3305 760 3377 exteris
786 3303 895 3377 rebus
926 3329 990 3376 cor
1016 3301 1120 3375 facilc
1142 3302 1372 3405 sequebatur.
1403 3305 1465 3376 llis
1491 3332 1575 3377 cum
1608 3307 1813 3381 fautoribus

415 3430 487 3501 suis
504 3444 592 3529 aput
604 3425 863 3514 Teodoricum,
880 3442 970 3497 tunc
984 3427 1157 3525 temporis
1172 3427 1385 3515 antistitem,
1405 3427 1479 3527 egit
1495 3443 1536 3499 ut
1554 3455 1572 3499 a
1590 3432 1812 3505 monasterio

414 3551 637 3649 pellerentur
665 3546 824 3648 religiosi
850 3565 887 3621 ct
911 3546 1041 3622 obtimi
1071 3546 1265 3637 monachi,
1297 3547 1482 3621 Ebrardus
1511 3551 1667 3641 scilicet,
1703 3551 1811 3626 abbas

414 3674 580 3774 Britogili
601 3672 727 3759 castri,
747 3671 810 3772 qui
831 3687 919 3743 tunc
944 3669 1064 3744 aderat
1087 3671 1159 3758 ibi,
1187 3698 1228 3743 ac
1251 3673 1360 3744 certis
1379 3699 1422 3744 cx
1446 3675 1558 3745 causis
1580 3700 1624 3748 eo
1649 3690 1811 3774 tempore

414 3795 594 3868 abbatiam
617 3819 716 3865 suam
738 3793 950 3893 reliquerat;
973 3791 1234 3883 Guinefredus,
1258 3793 1468 3889 Durandus,
1493 3794 1677 3868 Arefastus
1699 3813 1808 3897 atque

413 3914 605 3988 Ernaldus.
634 3916 693 3986 Hii
719 3912 875 4015 denique
897 3914 1032 4014 regulae
1057 3915 1218 4014 vigorem
1243 3940 1327 3986 cum
1350 3914 1479 3989 abbate
1505 3917 1660 3989 maxime
1685 3919 1809 3992 fovere

413 4038 603 4128 volebant,
623 4055 801 4114 eteorum
820 4037 972 4112 consilio
991 4036 1054 4109 ubi
1076 4035 1139 4109 ubi
1161 4064 1252 4137 opus
1273 4054 1349 4112 erat
1374 4037 1483 4110 abbas
1509 4039 1692 4112 utebatur.
1716 4040 1809 4114 Cum

413 4159 456 4235 ad
484 4160 554 4235 hoc
582 4160 737 4262 denique
766 4176 918 4232 ventum
951 4174 1064 4246 esset,
1097 4160 1285 4258 episcopus
1317 4186 1401 4232 cum
1429 4186 1557 4260 magna
1592 4162 1808 4235 clericorum

413 4300 449 4356 et
474 4284 648 4356 laicorum
679 4301 842 4374 caterva,
877 4281 921 4354 ad
950 4283 1212 4355 monasterium
1241 4284 1360 4372 teuit,
1387 4299 1446 4370 et,
1476 4298 1560 4356 ante
1588 4281 1682 4354 beati
1711 4284 1807 4358 Petri

412 4406 564 4507 apostoli
582 4407 705 4480 sedens
723 4406 832 4479 altare
842 4460 853 4495 ,
872 4431 977 4478 aurea
997 4432 1075 4476 vasu
1096 4404 1266 4478 aecclesiae
1290 4421 1399 4504 atque
1415 4422 1582 4504 argentea
1602 4430 1748 4479 necnon
1771 4420 1809 4478 et

412 4529 477 4602 alia
496 4546 706 4603 ornamenta
730 4529 766 4603 in
791 4529 881 4601 ceris
904 4524 1085 4600 conscribi
1099 4527 1225 4625 jussit,
1244 4525 1374 4600 deiude
1389 4526 1558 4626 praefatos
1575 4526 1808 4602 monachosa

412 4653 632 4727 monasterio
644 4650 743 4724 abire
754 4651 941 4751 praecepit.
955 4649 1075 4722 Abbas
1088 4675 1246 4749 quoque,
1257 4649 1307 4747 pii
1320 4651 1472 4748 pastoris
1483 4676 1634 4751 sequens
1645 4649 1804 4750 vestigia,

412 4774 609 4848 testabatur
624 4776 726 4875 quia,
747 4775 774 4845 si
796 4773 877 4849 illos
897 4775 1046 4863 eiceret,
1064 4799 1137 4847 sese
1154 4800 1236 4847 cum
1255 4774 1304 4846 eis
1321 4772 1571 4873 profecturum
1588 4797 1807 4871 omnemque

412 4923 538 4972 eornm
554 4896 714 4971 laborem
731 4895 974 4996 perlaturum,
994 4896 1181 4996 episcopus
1197 4923 1296 4987 vero,
1314 4898 1388 4999 ejus
1405 4894 1511 4971 verba
1528 4893 1805 4997 parvipendens,
