4462 6120
620 736 655 808 S.
672 735 818 809 Pnrttt-
840 732 1181 810 ctunorntvsts.
1500 736 1504 744 '
1545 730 1599 807 83*

207 874 395 948 confertur
423 877 602 969 anchora,
639 908 681 955 ex
713 906 816 955 more
844 881 953 979 regiae
985 877 1206 952 celsitudinis
1235 877 1456 952 decrevimus
1487 895 1593 980 atque

207 998 460 1072 constituimus
478 1019 721 1099 praenotatum
737 1004 888 1078 oratorii
907 1003 1045 1101 loom
1062 1029 1145 1078 oum
1164 1002 1304 1075 cunctis
1320 1000 1455 1074 finibus
1471 1028 1596 1074 rerum

208 1118 246 1190 in
272 1121 447 1194 universis
475 1124 706 1198 comitatibus
727 1125 802 1198 sive
824 1122 1008 1197 beneficiis
1031 1109 1323 1224 s'epememorati
1343 1122 1455 1196 fidelis
1480 1124 1596 1198 nostri

208 1237 344 1316 Odonis
358 1245 500 1324 comitis
513 1245 581 1319 sibi
595 1245 856 1346 adjacentium,
874 1247 1124 1320 universaliter
1140 1244 1185 1318 ab
1202 1246 1303 1321 omui
1320 1262 1485 1344 nespectu
1498 1246 1598 1345 judi-

209 1387 311 1453 cum,
334 1365 463 1440 ordine
482 1367 606 1440 mundi
626 1367 840 1443 decurrente
859 1369 1058 1444 inviolabili
1076 1368 1272 1457 soliditate,
1292 1367 1451 1441 solutum
1470 1383 1506 1439 et
1529 1364 1597 1438 illi-

208 1480 334 1558 batum
341 1511 576 1593 permanere,
590 1515 630 1563 ea
641 1490 671 1562 si
685 1472 834 1591 quidem
841 1490 983 1564 ratione
995 1506 1053 1582 ut,
1061 1488 1111 1563 ab
1120 1488 1293 1563 hodierna
1303 1486 1363 1562 die
1372 1505 1409 1561 et
1415 1487 1596 1587 deinceps,

209 1625 350 1693 remota
370 1612 536 1708 omnium
557 1629 752 1715 potestate,
770 1614 874 1689 nullo
890 1600 1008 1704 aditu,
1027 1613 1132 1688 ntsso
1149 1629 1334 1713 tempore,
1352 1612 1481 1711 aliquis
1497 1611 1602 1709 prin·

210 1729 333 1840 cipum
343 1733 678 1811 aecclesiasticorum
690 1752 753 1810 aut
768 1737 983 1811 secularium
995 1734 1227 1836 pontificum,
1242 1733 1391 1823 ducum,
1410 1734 1600 1819 comitum,

212 1853 430 1928 vicariorum
457 1857 513 1931 vel
537 1858 788 1958 quorumlibet
809 1858 940 1932 diversi
965 1859 1107 1959 generis
1133 1857 1357 1945 offidalium,
1383 1857 1423 1928 in
1446 1856 1603 1930 claustro

211 1973 376 2071 proedicti
394 1980 624 2067 monasterii,
640 1994 703 2058 aut
721 1981 760 2052 in
779 1981 919 2053 cunctis
932 1979 1173 2082 rebus,juxta
1190 1978 1290 2080 quod
1307 1978 1469 2078 superius
1483 1976 1606 2052 decre·

205 2112 293 2171 ⁴tum
306 2100 468 2199 est,·ipsi
485 2092 748 2199 adjacentibus,
767 2102 902 2202 aliquas
917 2102 1088 2200 impetrat
1099 2102 1320 2188 exactiones,
1340 2099 1377 2172 id
1396 2117 1465 2187 est,
1487 2124 1606 2200 nessus
1640 2135 1642 2138 ⁴

213 2217 395 2309 bannum,
414 2248 532 2322 neque
549 2222 777 2313 districtum,
794 2239 865 2297 ‘aut
886 2222 1061 2326 quicquid
1077 2224 1115 2298 in
1134 2224 1257 2323 aliquo
1279 2239 1434 2297 terrenae
1449 2219 1605 2320 justicioe

214 2327 323 2416 titulo
346 2343 416 2417 dici
440 2361 578 2444 potest,
599 2345 787 2447 videatque
810 2348 868 2447 pia
891 2374 932 2419 ac
955 2346 1104 2447 provida
1121 2344 1366 2422 sollicitudine
1384 2360 1464 2419 tum
1481 2342 1608 2418 aeccle·

214 2466 353 2548 siastica
375 2481 455 2563 tum
477 2469 642 2542 secularis
662 2468 847 2545 celsitudo.
860 2471 1048 2570 praesentis
1065 2496 1107 2543 uc
1122 2468 1260 2544 futmae
1278 2467 1544 2568 generationis,
1568 2480 1610 2538 ut

216 2589 253 2662 id
275 2591 374 2691 quod
397 2617 466 2691 pro
483 2592 676 2668 Salvatoris
694 2593 894 2668 exobtabili
918 2619 1059 2681 amore,
1083 2617 1152 2692 pro
1166 2592 1354 2666 scelerum
1378 2588 1610 2689 integerrima

217 2709 464 2818 ademptione,
487 2736 557 2812 pro
580 2711 693 2788 beatae
718 2713 992 2814 spei‘perheuni
1016 2716 1266 2813 perceptione,
1286 2712 1460 2812 apostolis
1479 2711 1611 2783 summi

218 2833 329 2932 apicis
350 2834 599 2924 concedimus,
613 2852 714 2910 caste
733 2854 772 2910 et
793 2834 1066 2926 inviolabiliter,
1087 2834 1287 2935 suggillatis
1308 2832 1610 2934 penitusculum·

220 2956 291 3027 niis
303 2956 414 3039 totius
432 2955 579 3054 perfidae
592 2959 863 3057 conceptionis,
879 2974 1069 3032 conservet
1084 2958 1122 3028 in
1135 2973 1353 3055 perpetuum
1366 2971 1405 3030 et
1416 2953 1614 3036 roborante
1660 3049 1662 3055 ‚

221 3075 386 3153 bonitate
401 3076 571 3152 defendat
589 3080 627 3151 in
642 3104 764 3153 evum.
788 3079 970 3172 Quoniam
983 3076 1132 3178 quidem
1148 3093 1237 3149 tunc
1246 3079 1341 3151 servi
1358 3077 1422 3150 Dei
1440 3076 1615 3174 attentius

222 3216 259 3273 et
272 3198 424 3274 liberius
440 3200 616 3274 vacabunt
641 3199 870 3277 orationibus
893 3201 1021 3282 sinon
1044 3198 1346 3299 inquietabuntur
1363 3197 1472 3273 corda
1487 3223 1616 3273 eorum

87 3413 92 3419 Ι
223 3320 461 3423 querimoniis
478 3322 698 3399 forensibus.
714 3324 766 3397 Ut
782 3340 902 3428 autem
918 3324 958 3396 in
975 3322 1039 3395 Dei
1059 3321 1209 3394 nomine
1226 3319 1296 3395 hoc
1312 3317 1471 3393 edicmm
1486 3332 1617 3395 aucto-

223 3446 342 3518 ritatis
365 3461 509 3520 nostrae.
527 3447 566 3519 in
591 3446 809 3521 saeculorum
832 3445 1054 3518 successione
1079 3440 1244 3516 validiori
1275 3439 1454 3514 inuitatur
1475 3426 1616 3540 vfgqe,

226 3569 496 3667 manupropria
514 3569 632 3667 ipsum
645 3567 963 3667 substipulavimus
976 3583 1014 3639 et
1030 3564 1127 3637 anuli
1141 3564 1258 3638 nostri
1274 3563 1494 3664 sigillatione
1504 3562 1621 3638 infor-

227 3692 318 3768 mari
335 3707 442 3792 atque
460 3689 655 3792 nobilitari
667 3692 935 3790 imperavimus.
955 3688 1132 3763 -Anno
1153 3686 1413 3762 incarnationis
1427 3685 1620 3762 domiuicae

230 3837 490 3886 ucccctxxxvn
501 3832 508 3858 ¹
514 3867 525 3903 ,
538 3837 729 3888 annoxxxi
741 3827 917 3913 regnante
924 3809 1062 3888 domno
1076 3808 1620 3909 lothariogloriosissimomge.

230 3935 364 4010 Actum
381 3935 607 4035 Compendio
627 3935 776 4036 palatio.
796 3937 877 4035 Ego
892 3932 1070 4020 Arnulfus
1079 3985 1091 4021 ,
1110 3931 1275 4022 neurius
1294 3928 1338 4002 ad
1355 3931 1476 4004 ,vicem
1497 3927 1623 4020 domui

231 4055 469 4132 Adalberonis
487 4056 746 4157 archiepiscopi
763 4072 801 4130 et
814 4057 945 4130 summi
963 4040 1186 4143 cancellarii,
1205 4051 1415 4151 recognovi.
1434 4051 1473 4123 S.
1489 4047 1625 4125 Odonis

233 4180 389 4270 comitis.
414 4179 451 4252 S.
477 4177 657 4253 Gilduini.
682 4181 720 4253 S.
744 4178 939 4254 Pulcherii.
966 4179 1008 4259 S.
1026 4176 1199 4259 Alcherii.
1216 4176 1254 4247 S.
1271 4172 1467 4248 Teudonis.
1489 4172 1526 4244 S.
1546 4172 1627 4245 Hu-

234 4299 330 4375 herti
347 4317 384 4374 et
400 4299 466 4392 lilii
483 4304 559 4400 ejus
576 4300 746 4376 Huberti.
767 4303 805 4374 S.
828 4300 976 4377 Odonis.
998 4300 1035 4372 S.
1052 4298 1231 4398 Hugonis.
1245 4298 1285 4369 S.
1305 4292 1484 4369 Ruiualdi.
1502 4295 1540 4367 S.
1557 4293 1629 4366 Er·
1749 4366 1753 4375 ,

235 4419 451 4496 cbembaldi.
471 4422 682 4515 stilonis.
701 4424 741 4494 S.
760 4420 978 4496 Guascelini.
1001 4420 1038 4493 S.
1063 4415 1225 4494 Adsuldi.
1252 4417 1290 4489 S.
1318 4416 1461 4490 llervei.
1483 4415 1520 4487 S.
1540 4415 1629 4487 tlat-

238 4546 370 4626 monis.
391 4545 428 4618 S.
447 4543 647 4620 Nivelonis.
667 4545 706 4619 S.
724 4543 915 4619 Rodberti.

285 4813 292 4841 ¹
312 4804 535 4869 Emeudsudum
550 4806 627 4893 985,
641 4806 883 4870 cumauctoribus
894 4805 1005 4867 Galli·
1021 4803 1210 4877 censitam,
1223 4802 1353 4876 cvm,
1368 4804 1467 4874 im,
1477 4798 1539 4859 eol.
1558 4793 1629 4881 296.
