4462 6120
411 732 477 799 166
922 721 1270 798 MONASTERIUM

405 900 538 975 quens,
562 872 629 945 sub
645 872 772 944 abbate
789 870 983 956 [andria-o,
1008 870 1045 942 in
1062 873 1175 943 sancti
1193 872 1314 962 Petri,
1332 872 1582 970 apostolorum
1598 874 1792 973 principis,

405 995 600 1086 coeraobio,
627 993 762 1066 scilicet
789 994 1025 1077 carnotensi,
1050 1017 1191 1064 comam
1217 995 1342 1091 capitis
1364 994 1570 1091 deponens,
1597 996 1796 1068 monastice

404 1121 582 1205 victurus,
608 1115 737 1188 factori
762 1141 827 1188 suo
849 1141 885 1186 se
907 1112 1045 1186 tradere
1068 1113 1228 1202 studuit;
1257 1119 1331 1212 ejus
1351 1114 1499 1215 quidem
1522 1115 1791 1215 deprecatione,

404 1263 471 1338 pro
492 1238 603 1310 salute
623 1238 753 1309 animae
774 1262 847 1308 suae
867 1236 1074 1335 pariterque
1094 1239 1225 1308 animoe
1241 1239 1354 1336 patris
1370 1239 1440 1310 mei
1464 1238 1663 1337 lngennlfi,
1686 1254 1795 1340 atque

402 1359 590 1450 lobannis,
604 1359 711 1457 primi
728 1357 797 1430 mei
810 1357 980 1443 senioris,
996 1371 1120 1430 sancto
1136 1356 1399 1432 monachornm
1418 1359 1530 1444 cetui,
1550 1358 1642 1431 inibi
1660 1360 1794 1460 degen-

404 1484 511 1568 tium,
535 1480 694 1553 concedo
716 1479 815 1551 illam
835 1479 1025 1565 vicariam,
1047 1503 1130 1578 qua·
1148 1481 1395 1578 aparentibus
1411 1481 1500 1552 meis
1516 1479 1707 1553 videbatur
1721 1483 1793 1554 mei

398 1605 490 1699 juris
519 1627 611 1690 esse,
642 1617 715 1672 tam
736 1601 772 1672 iu
798 1600 890 1673 atrio
917 1599 1085 1671 aecclesiae
1113 1626 1222 1699 quam
1248 1602 1287 1672 in
1308 1598 1548 1689 molendinis,
1573 1618 1610 1674 et
1633 1603 1671 1674 in
1696 1619 1793 1675 terra

403 1751 553 1810 eorum3
576 1739 618 1795 ut
637 1739 813 1822 perpetuo
830 1725 913 1820 jure
933 1737 967 1794 et
991 1723 1160 1794 vicariam
1184 1739 1221 1795 et
1247 1747 1373 1795 omnes
1395 1723 1673 1797 consuetudines
1690 1723 1794 1822 judi-

403 1848 521 1918 ciariae
537 1845 724 1943 potestatis
737 1842 958 1942 possideant,
973 1860 1010 1916 et
1026 1845 1103 1916 sine
1115 1844 1187 1917 ulla
1205 1844 1408 1944 calumpnia
1425 1860 1584 1918 teneant.
1606 1845 1654 1918 Ut
1669 1861 1791 1924 autem

403 1965 479 2038 baec
495 1964 629 2037 cartula
648 1966 685 2036 in
704 1962 769 2035 bac
784 1991 825 2037 re
842 1963 981 2037 firmius
998 1965 1130 2052 valeat,
1150 1991 1261 2037 manu
1277 1968 1425 2065 proptia
1441 1991 1519 2039 eam
1536 1965 1789 2054 corroboravi,

403 2086 637 2187 manibusque
654 2085 855 2159 multorum
873 2086 1018 2159 testium
1036 2085 1345 2162 corroborandam
1366 2085 1515 2175 tradidi,
1538 2113 1698 2188 quorum
1720 2112 1792 2160 no-

401 2210 498 2280 mina
524 2209 632 2280 etiam
660 2189 860 2307 subscripta
888 2224 987 2281 sunt.
1011 2207 1170 2282 Andreas
1198 2208 1243 2282 de
1271 2209 1468 2283 Moncello.
1499 2207 1667 2293 Guiddo,
1697 2207 1793 2290 filius

400 2330 551 2404 Girelmi
569 2329 703 2401 Malum
720 2328 921 2402 Auxilium.
939 2328 1115 2401 Adraldus
1128 2328 1172 2402 de
1188 2329 1316 2405 Croto.
1335 2328 1562 2405 Frodelinus.
1583 2329 1792 2404 Gualterius

400 2452 586 2549 presbiter.
602 2451 768 2524 Giraldus
783 2476 901 2524 cocus.
920 2450 1113 2525 Rainaldus
1127 2476 1244 2553 agaso.
1260 2451 1394 2528 Frodo.
1410 2451 1625 2526 adventius.
1644 2450 1793 2525 Richar-

400 2572 465 2644 dus
482 2574 650 2661 clericus,
670 2573 796 2647 etalii.
817 2603 835 2641 a

781 2829 1141 2922 CAPITULUM
1176 2833 1404 2922 XXXIX.

861 3081 904 3139 De
919 3081 1045 3140 aecclesia
1063 3081 1218 3160 superioris
1234 3079 1323 3140 Croti.

449 3308 711 3377 «Cunctorum
733 3307 885 3377 creatori
908 3304 1103 3391 famulans,
1127 3331 1211 3376 cnm
1233 3304 1376 3377 duobus
1397 3302 1573 3394 iratribus
1594 3305 1703 3391 meis,
1727 3305 1791 3376 Ri-

399 3427 530 3501 cbardo
559 3428 690 3500 clerico
719 3444 754 3499 et
780 3425 965 3500 Bernardo
995 3427 1106 3515 laico,
1139 3453 1227 3526 ego,
1259 3429 1428 3526 inquam,
1455 3424 1632 3497 Adraldus
1658 3426 1791 3500 Sancto

399 3551 507 3622 Petro
521 3546 682 3621 coeuobii
697 3547 928 3617 Carnutensis
942 3548 1166 3642 superiorem
1181 3546 1381 3621 aecclesiam
1391 3545 1513 3632 Croti,
1533 3571 1615 3617 oum
1632 3561 1792 3645 quatuor

399 3669 618 3769 hospitibus,
638 3665 894 3764 perpetualiter
907 3665 1024 3738 libens
1042 3665 1221 3753 concedo,
1241 3694 1309 3765 pro
1326 3669 1444 3737 anima
1461 3665 1608 3767 quidem
1621 3670 1787 3765 propria,

397 3808 503 3891 atque
524 3787 710 3861 animabus
726 3802 919 3885 parentum
939 3813 1126 3874 meorum3
1151 3803 1211 3874 ut,
1235 3789 1329 3859 sicut
1349 3788 1387 3859 in
1408 3786 1637 3861 orationibus
1658 3813 1790 3862 mona-

397 3912 550 3984 chorum
564 3910 709 4007 Majoris
721 3908 946 3994 Monasterii,
962 3906 1094 4008 quibus
1111 3933 1188 3979 eam
1201 3908 1372 4006 primitus
1386 3905 1629 3996 vendideram,
1647 3908 1789 3981 collecti

360 4048 365 4053 “
396 4060 538 4119 sumus,
562 4034 610 4103 ita
633 4032 671 4102 in
694 4033 849 4103 istorum
871 4030 980 4101 simus
1002 4031 1065 4129 qui
1090 4044 1213 4127 postea
1236 4028 1282 4100 ab
1311 4029 1394 4127 ipsis
1418 4048 1601 4103 emerunt.
1626 4029 1789 4103 Habeant
1831 4124 1838 4132 ἢ

397 4158 516 4253 itaque
537 4152 703 4227 monachi
730 4151 851 4224 Sancti
875 4151 970 4223 Petri
996 4151 1108 4249 ipsam
1128 4150 1345 4238 aecclesiam,
1364 4176 1404 4222 ac
1420 4167 1561 4224 aeterno
1572 4155 1655 4249 jure
1671 4154 1790 4252 possi-

395 4277 524 4363 deant,
546 4273 596 4358 ,ab
620 4273 685 4345 bac
705 4272 762 4345 die
788 4274 826 4344 in
849 4288 971 4358 antea,
996 4271 1095 4344 nulla
1115 4270 1344 4346 refrontante
1366 4270 1589 4372 calumpnia3
1613 4289 1650 4347 et
1672 4299 1690 4344 a
1713 4298 1789 4372 quo

396 4397 580 4473 voluerint
597 4393 779 4469 sacerdote
796 4394 1038 4483 deserviatur,
1067 4396 1188 4492 priore
1211 4395 1411 4494 postposita
1432 4397 1694 4486 conventione,
1715 4421 1787 4495 qua

396 4522 615 4594 firmavimus
638 4537 678 4591 ut
698 4515 895 4591 monachus
918 4518 968 4589 ibi
991 4543 1131 4616 semper
1147 4542 1223 4592 non
1241 4516 1395 4592 deforet.
1415 4519 1487 4596 Pro
1508 4516 1592 4607 bac,
1618 4520 1786 4620 inquam,

396 4671 435 4717 re
450 4643 573 4717 decem
590 4640 723 4717 solidos
739 4666 975 4715 nummorum
996 4640 1192 4740 accipiens,
1217 4640 1471 4739 deprecatione
1486 4641 1643 4715 Asoelini
1660 4665 1791 4715 mona-

397 4765 475 4852 chi,
500 4763 711 4837 consobrini
733 4764 824 4847 mei,
853 4762 945 4835 banc
965 4788 1097 4838 novam
1118 4763 1292 4835 cartalam
1307 4789 1386 4836 mea
1402 4788 1513 4837 manu
1532 4763 1791 4854 corroboravi,

398 4889 594 4988 ceterisque
617 4883 766 4960 inferius
782 4887 925 4987 scriptis
945 4882 1259 4960 corroborandum
1280 4884 1360 4960 dedi
1381 4916 1390 4958 ε
1409 4885 1609 4961 Genoelino
1629 4886 1785 4983 decano,
