4462 6120
737 756 774 826 S.
801 753 943 825 PETRI
968 749 1306 824 CARNOTENSIS.
1665 754 1712 822 95

778 1008 1147 1097 CAPITULUM
1181 1008 1262 1094 lv.

556 1247 599 1307 De
613 1245 697 1305 alodo
711 1219 913 1305 Sclusellirum
930 1245 997 1306 dato
1013 1267 1033 1303 a,
1044 1243 1198 1344 (iausfrido
1213 1258 1240 1303 et
1253 1244 1395 1306 Joscelino
1412 1247 1480 1305 lilio.

374 1504 392 1542 a
408 1472 588 1566 Quoniam
604 1489 792 1571 permanet
808 1474 984 1571 scriptum
1000 1489 1107 1574 atque
1120 1474 1298 1545 sancitum
1312 1473 1351 1544 in
1362 1473 1515 1546 decretis
1529 1489 1711 1558 veterum,
1741 1497 1800 1540 ane
1811 1487 1833 1541 κ’.
1848 1492 1917 1542 inat.
2026 1473 2029 1478 ’

323 1596 352 1664 si
373 1595 454 1694 quis
477 1592 656 1666 nobilium
679 1595 855 1665 laicorum
880 1592 1036 1692 aliquam
1059 1593 1255 1666 aecclesiam
1278 1594 1333 1667 vel
1359 1593 1505 1695 aliquod
1530 1612 1715 1669 monaste-

323 1719 422 1787 rium
444 1714 488 1788 de
510 1717 668 1815 propriis
690 1713 947 1790 hereditatibus
964 1714 1216 1805 honoraverit,
1238 1717 1293 1789 vel
1313 1716 1549 1791 donationem
1568 1717 1712 1805 fecerit,

324 1839 529 1912 nullatenus
547 1865 650 1911 neca
670 1839 745 1910 filio
765 1864 832 1911 nec
849 1837 893 1909 ab
911 1831 1035 1938 aliquo
1050 1865 1251 1912 successore
1267 1858 1430 1938 repetere
1442 1852 1468 1929 ’ς
1491 1841 1626 1916 idcirco
1648 1867 1714 1941 ego

322 1962 534 2050 Joscelinus,
544 1961 725 2034 Gausfridi
738 1946 845 2046 lilius,
859 1977 991 2035 notum
1000 1988 1073 2034 esse
1082 1963 1188 2060 cupio
1198 1961 1383 2051 omnibus,
1396 1963 1716 2063 tampraesentibus

323 2109 432 2184 quam
445 2082 597 2171 suturis,
614 2083 770 2183 qualiter
786 2100 905 2181 etqua
921 2084 1063 2157 ratione
1079 2109 1147 2182 pro
1160 2081 1214 2155 his
1230 2110 1313 2184 qnae
1330 2112 1348 2156 a
1366 2100 1467 2185 patre
1481 2111 1563 2161 meo
1573 2085 1714 2159 dimissa

322 2223 408 2278 sunt
428 2221 535 2306 atque
559 2204 686 2278 tradita
712 2207 844 2277 Sancto
870 2205 977 2279 Petro
1001 2207 1231 2280 Carnotensis
1251 2207 1435 2295 coenobii,
1456 2223 1538 2305 post
1558 2223 1715 2281 mortem

248 2307 256 2318 .
324 2327 451 2424 ipsius,
475 2326 623 2400 adierim
644 2327 819 2399 domnum
842 2326 1011 2400 abbatem
1029 2328 1278 2426 Majenardum
1294 2345 1331 2401 et
1348 2355 1494 2402 omnem
1513 2330 1622 2427 ipsius
1645 2329 1714 2404 loci

323 2451 655 2549 congregationem.
676 2453 780 2523 Pater
792 2449 970 2551 siquidem
987 2477 1087 2523 meus
1101 2451 1331 2538 Gausfridus,
1351 2450 1400 2526 ob
1417 2451 1616 2527 remedium
1633 2477 1717 2527 sue-

323 2597 406 2662 rum
415 2573 678 2670 peccaminum,
688 2570 847 2658 alodum,
860 2573 1011 2647 nomine
1022 2573 1250 2660 Exclusellas,
1269 2574 1306 2644 in
1318 2574 1492 2648 comitatu
1501 2573 1712 2660 Dor-casine,

323 2692 457 2766 Sancto
480 2696 590 2767 Petro
612 2692 807 2792 delegavit,
833 2719 941 2792 super
962 2691 1115 2765 fluvium
1137 2693 1316 2780 Audurae,
1340 2719 1397 2766 me
1413 2720 1528 2793 puero
1545 2710 1583 2766 et
1599 2710 1714 2767 matre

322 2813 478 2886 vivente.
506 2814 587 2913 Ego
613 2832 736 2887 autem
764 2816 882 2912 ipsum
909 2811 1056 2887 alodum
1075 2814 1229 2911 expetii,
1257 2839 1334 2886 non
1357 2813 1438 2888 ideo
1465 2832 1506 2886 ut
1525 2815 1629 2888 velim
1652 2839 1712 2888 re-

324 2932 464 3007 trahere
481 2934 527 3006 ab
546 2936 622 3033 ipso
640 2933 834 3008 venerabili
854 2934 936 3006 loco
954 2936 1011 3002 cui
1030 2951 1082 3004 est
1105 2932 1274 3019 traditus,
1300 2960 1366 3007 nec
1388 2953 1429 3006 ut
1451 2936 1569 3037 aliqua
1589 2934 1716 3028 fraude

323 3055 539 3154 possideam
564 3071 617 3127 set
641 3081 684 3128 eo
709 3071 835 3126 tenore
859 3069 895 3125 et
921 3052 982 3123 tali
1001 3047 1266 3140 conventione,
1292 3071 1360 3151 ut,
1378 3058 1551 3156 quamdiu
1572 3061 1713 3146 vixero,

324 3191 378 3249 11⁰⁸
396 3176 528 3252 solidos
546 3178 749 3250 incensum
766 3174 984 3275 persolvam,
1004 3191 1141 3248 statuto
1157 3177 1333 3262 termino,
1351 3177 1587 3279 debitumque
1602 3183 1717 3254 servi-

325 3301 418 3371 tium
433 3297 654 3398 persolvam3
676 3323 743 3371 nec
761 3323 933 3395 umquam
956 3294 1065 3368 michi
1090 3295 1194 3369 liceat
1210 3322 1277 3368 nec
1296 3296 1470 3385 vendere,
1491 3326 1558 3373 nec
1575 3301 1716 3377 tradere

323 3422 448 3508 alicui,
467 3447 534 3494 nec
551 3421 648 3508 filio,
667 3446 734 3494 nec
750 3419 854 3492 alicui
873 3445 1040 3494 meorum
1055 3420 1366 3520 propinquorum,
1386 3438 1439 3494 set
1454 3449 1610 3522 semper,
1627 3410 1715 3497 dum

323 3543 450 3616 ilatum
466 3545 635 3631 emisero,
656 3545 691 3615 in
711 3570 788 3617 mea
805 3567 916 3614 manu
934 3568 1087 3642 meoque
1101 3541 1268 3617 dominio
1289 3539 1476 3616 habeatnr.
1500 3546 1585 3620 Post
1603 3545 1714 3621 finem

324 3692 410 3740 veno
424 3692 514 3738 meae
530 3667 634 3754 vitae,
654 3685 695 3738 ut
709 3671 826 3764 major
843 3666 1017 3738 memoria
1033 3667 1080 3736 sit
1095 3667 1207 3764 patris
1221 3682 1260 3739 et
1276 3681 1415 3765 partem
1432 3667 1567 3741 valeam
1585 3668 1714 3743 hahere
1837 3734 1841 3741 .

324 3790 363 3861 in
380 3789 491 3888 ipsius
506 3788 716 3879 benefacto,
740 3816 815 3863 non
832 3789 943 3863 modo
965 3787 1054 3860 illud
1075 3787 1175 3889 quod
1192 3805 1296 3888 pater-
1309 3789 1478 3879 donavit,
1501 3793 1599 3892 quod
1616 3818 1715 3867 nunc

324 3926 444 3998 teneo,
463 3909 561 3983 dono
577 3911 701 3985 domni
720 3908 859 3985 abbatis
874 3909 1067 4010 Majenardi
1084 3927 1122 3986 et
1134 3911 1289 3987 aliorum
1303 3913 1506 4002 seniorum,
1526 3931 1580 3987 set
1592 3917 1715 3991 omnia

306 4027 308 4033 ’
324 4058 407 4104 cum
421 4030 570 4134 hisquae
586 4035 624 4107 iu
638 4035 715 4133 ipso
729 4049 833 4119 sunt,
849 4033 985 4107 scilicet
1000 4035 1238 4122 molendinis,
1256 4036 1363 4109 terris
1376 4036 1482 4108 cultis
1496 4054 1533 4110 et
1549 4037 1713 4128 incultis,

323 4155 448 4252 pratis,
467 4155 576 4241 silvis,
592 4155 635 4227 ad
649 4156 802 4263 eundem
816 4157 981 4240 locum,a
998 4183 1072 4258 quo
1085 4158 1218 4255 accepi,
1237 4157 1430 4230 deveniant
1446 4159 1484 4229 in
1498 4184 1581 4231 usus
1598 4184 1716 4234 servo·

323 4299 407 4345 rum
429 4272 576 4347 Christi.
602 4277 652 4348 Ut
675 4294 797 4349 autem
821 4276 954 4378 absquo
977 4276 1155 4350 calumnia
1180 4278 1249 4350 ulla
1269 4279 1324 4351 vel
1342 4279 1630 4355 contradictione
1646 4279 1715 4357 hoc

324 4393 403 4482 fiat,
422 4396 553 4470 litteris
569 4397 738 4472 mandare
754 4399 871 4470 studui
882 4428 892 4485 ;
913 4399 962 4471 oh
981 4397 1051 4473 hoc
1067 4401 1222 4472 maxime
1242 4426 1288 4473 ue
1309 4400 1617 4501 aliquismeorum
1633 4429 1716 4476 suc-

325 4517 553 4608 cedentium,
583 4546 649 4594 nec
675 4522 783 4594 etiam
805 4519 926 4620 filius,
954 4523 982 4593 si
1011 4522 1140 4622 aliquis
1162 4522 1269 4594 michi
1294 4523 1424 4612 fuerit,
1450 4523 1517 4597 sibi
1543 4523 1711 4598 vindicet..

324 4639 465 4712 Seniori
500 4669 646 4742 quoque
679 4669 761 4716 meo
794 4641 933 4729 Odoni,
966 4644 1090 4718 comiti
1122 4644 1270 4731 inclito,
1286 4689 1288 4692 ·
1305 4644 1587 4747 proceribusque
1620 4647 1712 4735 suis,

324 4761 429 4834 trado
452 4763 786 4855 corroborandum,
812 4782 852 4837 ut
876 4790 1027 4865 sequens
1045 4765 1082 4836 in
1100 4792 1207 4839 evum
1229 4765 1374 4839 firmum
1398 4783 1435 4840 et
1458 4768 1713 4841 inconvulsum

366 4969 376 4995 ¹
392 4957 449 5017 Sic.
