4462 6120
734 746 771 816 S.
792 743 936 817 PETRI
960 741 1298 818 GARNUl'ENSlS.

781 1015 1142 1108 ctrlfrUtUM
1178 1018 1258 1109 Ν.

495 1259 628 1320 Dotem
642 1258 708 1341 data
721 1259 752 1318 in
767 1259 836 1320 villu
848 1281 912 1340 qam
926 1258 1041 1319 Therae
1052 1259 1187 1320 dieitura
1202 1258 1328 1319 torm
1342 1257 1379 1320 de
1393 1257 1542 1349 ngiomo.

376 1480 447 1550 «ln
461 1476 524 1553 Ilei
535 1479 698 1566 nomine,
711 1478 894 1553 Rotrucm
902 1477 1054 1552 seculari
1065 1477 1213 1551 milieiae
1226 1475 1368 1551 deditus
1378 1493 1415 1550 et
1426 1476 1563 1552 Odonia
1576 1480 1718 1553 comitis
1740 1512 1798 1556 ruta
1811 1525 1833 1556 a.
1844 1510 1899 1557 aas.

324 1598 487 1692 fidelitati
510 1598 680 1686 devotus,
700 1615 834 1673 notum
853 1622 928 1672 esse
949 1597 1034 1674 volo
1058 1597 1234 1674 omnibus
1251 1614 1333 1671 tam.
1346 1598 1587 1699 praesentibus
1608 1617 1718 1701 qum

323 1720 473 1809 futuris,
487 1720 573 1820 quia
586 1720 695 1820 petiit
706 1717 824 1792 michi
833 1717 1149 1794 Gisbertuaabbos
1160 1720 1274 1793 sancti
1288 1720 1386 1793 Petri
1399 1720 1717 1795 Cnmotensisnoe-

325 1825 427 1920 nobii
440 1860 479 1917 et
491 1859 621 1916 cuncta
639 1844 875 1942 congregatio
888 1842 957 1916 sibi
976 1841 1373 1931 commissa,.ut=eidem
1387 1843 1476 1919 loco
1483 1841 1718 1918 concederem

325 1965 520 2044 terramde
536 1965 696 2038 aecclesia
710 1965 834 2039 Sancti
846 1967 992 2054 Hilarii,
1010 1991 1095 2065 quae
1109 1983 1165 2044 ert
1180 1967 1219 2039 in
1238 1963 1399 2054 Therae,
1413 1967 1658 2066 pertinentem
1673 1966 1718 2039 ud

323 2088 504 2164 abbatiam
522 2089 647 2161 Sancti
669 2089 833 2161 Martini.
851 2090 914 2161 Est
931 2105 1052 2164 autem
1072 2090 1146 2189 ipsa
1169 2105 1265 2162 terra
1288 2087 1419 2162 subtus
1437 2103 1605 2164 montem
1624 2093 1719 2188 eim*

324 2211 406 2285 dem
432 2209 592 2294 villulae,
621 2209 814 2284 excludens
836 2238 978 2313 aquam
1007 2212 1132 2313 ltaque
1155 2213 1278 2285 amnui
1304 2213 1474 2311 petitioni
1496 2237 1648 2299 eorum,
1664 2237 1718 2284 reo

325 2347 447 2404 tamen
469 2346 576 2429 pacto
601 2347 643 2402 ut
663 2332 767 2405 annis
784 2333 938 2432 singulis
962 2333 1211 2411 infestivitate
1230 2334 1343 2407 saneti
1366 2333 1647 2433 Remigiisquae
1665 2349 1719 2405 eat

325 2451 485 2527 kalendis
508 2450 693 2546 octobris,
717 2454 757 2527 in
784 2478 933 2530 censum
955 2459 1097 2534 solvant
1118 2456 1288 2539 dertarios
1312 2480 1379 2529 ιιι.
1407 2453 1514 2546 Quod
1534 2454 1561 2526 si
1583 2452 1631 2528 de
1649 2453 1719 2531 ltoc

325 2576 549 2676 negligentes
569 2577 779 2666 extiterint,
802 2580 965 2680 legaliter
984 2579 1179 2656 emendent
1198 2594 1236 2653 et
1254 2577 1466 2679 predictam
1487 2595 1719 2652 serranum

325 2696 489 2797 perdant.
509 2695 559 2770 Ut
570 2723 660 2772 tero
676 2697 755 2773 haec
770 2702 908 2777 cartula
919 2703 1085 2778 obtineat
1101 2699 1312 2776 firmitatem
1328 2700 1479 2775 senioris
1495 2700 1568 2773 mei
1583 2697 1722 2774 Odonis

326 2835 365 2892 et
378 2820 545 2894 omnium
561 2819 781 2895 obtimatum
796 2828 891 2923 ejus,
913 2823 1159 2905 roborandam
1177 2822 1312 2899 obtuli.
1332 2823 1467 2896 Actum
1484 2823 1653 2896 Curunda
1664 2823 1722 2894 oi·-

327 2942 468 3028 vitatis‚
488 2940 646 3039 publice
666 2972 685 3012 a

798 3124 1160 3215 clrrrutusr
1194 3127 1254 3249 v.

643 3365 688 3424 De
703 3363 866 3424 Gunllerii¹
882 3360 959 3423 Villa
974 3361 1070 3423 dntaa
1087 3364 1231 3422 comitissa
1244 3359 1414 3442 Elilegarde.

381 3641 399 3680 «
409 3608 619 3682 Laudanda²
634 3623 671 3683 et
686 3613 843 3680 nimium
854 3603 1082 3704 praedicanda
1095 3619 1150 3676 est
1161 3600 1350 3677 ineffibilia
1362 3587 1606 3678 misericordia
1619 3604 1721 3680 Con·
1748 3637 1809 3681 Ante
1821 3650 1842 3680 a.
1852 3633 1908 3680 sar.

330 3731 458 3806 ditor'a’s
473 3730 590 3805 nostri
604 3730 688 3828 qui,
707 3726 902 3827 redemptis
913 3727 1041 3826 'precio
1055 3725 1111 3798 sui
1127 3725 1311 3824 sanguinis
1323 3741 1360 3798 et
1372 3723 1469 3797 unda
1481 3726 1570 3797 sacri
1585 3707 1721 3826 baptis-

330 3853 436 3926 matis
456 3850 624 3952 originali
645 3850 805 3923 erimine
820 3846 1022 3936 mundatis,
1048 3845 1250 3950 praevidens
1274 3862 1311 3921 et
1333 3831 1526 3948 praes'ciens
1548 3849 1722 3957 postlata

331 3974 471 4062 omnia,
492 3998 560 4047 nec
576 3972 685 4053 unius
702 3970 773 4045 diei
792 3970 952 4071 spacium
970 3996 989 4041 a
1005 3968 1262 4071 qualicumque
1280 3984 1427 4068 peccato
1447 3970 1569 4042 vivere
1590 3957 1725 4043 immu-

330 4121 416 4169 nem
430 4121 497 4168 nec
515 4092 683 4167 humanae
700 4093 948 4193 corruptionis
962 4073 1089 4165 labem
1099 4117 1202 4192 posse
1217 4116 1437 4192 quemquam
1453 4090 1620 4190 evadere,
1637 4119 1725 4168 con·

331 4215 417 4289 tulit
430 4215 544 4288 multa
558 4215 689 4288 animae
706 4214 829 4288 salutis
842 4212 1000 4288 remedia
1017 4211 1151 4314 quihus
1168 4237 1242 4285 non
1262 4199 1380 4287 solum
1396 4213 1574 4288 viciorum
1590 4220 1726 4297 curan-

332 4354 397 4410 tur
410 4336 596 4424 morbida‚
617 4352 671 4411 set
688 4329 803 4412 etiam*
818 4336 1088 4410 inmortalitatis
1105 4334 1349 4437 adquiruntur
1363 4334 1503 4435 gaudia.
1523 4322 1624 4411 lnter
1642 4329 1725 4445 qua

332 4451 610 4535 elemosinarum
632 4459 833 4560 plurimum
855 4459 950 4532 'valet
970 4458 1136 4558 largitas,
1161 4454 1224 4529 cui
1241 4440 1318 4532 non
1341 4451 1459 4533 solum
1479 4458 1726 4558 plurimorum

332 4599 478 4681 patrum
495 4574 708 4686 astipulatur
724 4582 937 4678 auctoritas,
958 4597 1011 4655 set
1029 4581 1139 4654 etiam
1160 4581 1271 4681 ipsius
1286 4574 1434 4656 Domini
1452 4608 1540 4656 voce
1560 4573 1726 4705 laudatur

349 4825 352 4831 .
380 4819 450 4912 'lta
474 4852 575 4927 oodd.;
600 4855 717 4915 inferius
731 4867 828 4916 autem
845 4828 1014 4914 Guntlerii·
1065 4903 1068 4913 .
1093 4859 1103 4887 ¹
1129 4832 1245 4911 llnnum
1270 4848 1326 4935 981
1354 4848 1420 4910 huic
1448 4846 1552 4908 charte
1581 4808 1726 4937 assignant

335 4949 426 5020 villa,
442 4949 544 5024 hodie,
562 4950 757 5012 Gondreville.
927 4978 929 4984 ·
1049 4946 1429 5019 messanensium.
1445 4965 1489 5019 tv,
1505 4966 1535 5027 p.
1549 4946 1575 5006 3.
