4462 6120
739 733 776 804 S.
795 731 939 805 PETRI
964 727 1302 802 CARNOTENSIS.
1674 732 1722 801 25

327 886 511 975 tempore,
527 876 638 976 patris
655 876 832 953 beneficio
849 877 1036 977 fungitur3
1052 902 1138 947 nam
1148 901 1232 947 eum
1244 873 1442 950 debellaret
1454 887 1612 947 castrum
1623 877 1725 976 quod

326 997 507 1071 vocitatur
524 1001 650 1071 Fracta
663 999 795 1088 Vallis,
816 1000 911 1100 patri
934 1025 953 1069 a
970 996 1163 1072 Gausfrido
1181 998 1348 1071 Martcllo
1366 997 1569 1086 sublatum,
1590 998 1627 1069 in
1645 999 1723 1099 ipso

327 1121 431 1191 castri
458 1121 634 1210 introitu,
661 1120 707 1193 ab
736 1120 899 1196 hostibus
923 1119 1048 1220 gladiis
1073 1104 1313 1193 interimitur.
1334 1119 1405 1195 Pro
1422 1147 1497 1221 quo
1517 1118 1632 1192 frater
1647 1122 1723 1220 ejus

326 1241 552 1332 Fulcherins,
567 1248 644 1343 jam
662 1245 833 1332 clericus,
853 1241 1046 1315 mundanis
1059 1243 1168 1315 armis
1180 1242 1421 1342 praecinctus,
1441 1242 1638 1316 secularem
1654 1244 1725 1314 mi-

324 1362 443 1437 liciam
457 1384 510 1440 est
523 1384 678 1441 secutus.
698 1369 764 1442 cui
782 1366 996 1442 venerabilis
1015 1365 1125 1438 abbas
1148 1366 1363 1453 Landricus,
1383 1380 1466 1441 vota
1483 1368 1608 1439 matris
1628 1366 1723 1466 peti-

325 1485 535 1590 tionemque
548 1491 660 1590 patris
673 1490 871 1590 replicans,
888 1490 1092 1589 impetravit
1105 1488 1151 1561 ab
1164 1513 1208 1564 eo
1223 1489 1420 1562 aecclesiam
1430 1489 1552 1562 Sancti
1568 1488 1720 1564 Leobiui

326 1635 410 1680 cum
427 1610 643 1712 quibusdam
659 1612 865 1714 agripennis
885 1609 1095 1696 vinearum,
1114 1608 1308 1711 dequibus
1324 1608 1498 1683 habemus
1518 1636 1667 1685 censum
1687 1628 1724 1683 et

325 1729 512 1807 decimam.
538 1737 647 1809 Tunc
668 1736 777 1809 etiam
795 1759 945 1810 censum
961 1734 1101 1808 remisit
1118 1733 1312 1807 vinearum
1327 1731 1424 1805 beati
1441 1732 1647 1822 Siemundi,
1667 1730 1725 1805 de·

326 1854 417 1927 cima
434 1857 507 1932 sola
523 1874 679 1933 retenta.

373 1976 501 2050 Adhuc
528 1981 566 2052 in
592 1981 780 2056 territorio
803 1980 966 2068 comitis,
986 2003 1064 2054 non
1083 1978 1193 2079 longe
1214 1976 1261 2051 ab
1282 1978 1441 2051 aecclesia
1459 2002 1567 2078 supra
1583 2000 1725 2051 memo·

324 2116 414 2189 rata,
428 2100 598 2201 quasdam
611 2104 732 2175 vineas
750 2101 937 2190 habemus,
955 2100 1046 2176 olim
1062 2098 1205 2173 cuidam
1222 2100 1261 2172 in
1274 2099 1454 2175 beneficio
1470 2097 1582 2187 datas,
1601 2115 1724 2199 postea

324 2247 431 2311 vero,
451 2241 603 2324 cogente
616 2225 787 2325 penuria,
803 2226 921 2297 Bertae
939 2222 1150 2313 comitissae,
1172 2248 1215 2296 eo
1239 2237 1387 2325 tenore,
1412 2238 1540 2296 nostro
1558 2246 1721 2310 assensu,

324 2343 506 2434 venditas,
525 2363 586 2434 ut,
606 2362 689 2448 post
705 2345 850 2421 obitum
867 2344 1082 2436 comitissae,
1099 2343 1145 2416 ab
1162 2344 1264 2419 omni
1283 2343 1470 2418 exactione
1483 2342 1633 2431 liberas,
1650 2344 1726 2415 usi-

325 2466 391 2539 bus
419 2467 646 2568 stipendiaris
675 2468 851 2569 propriis,
883 2493 939 2539 eas
968 2467 1045 2538 sine
1071 2463 1233 2567 qualibet
1262 2463 1506 2564 protelatione
1528 2463 1725 2540 rehabeant

324 2589 509 2677 monachi3
529 2590 629 2691 quod
641 2606 764 2690 postea
780 2588 894 2663 frater
907 2589 1120 2681 comitissae,
1136 2612 1256 2663 comes
1269 2584 1496 2678 Tedbaldus‚
1513 2612 1636 2662 coram
1653 2587 1725 2661 suis

325 2710 490 2785 fidelibus
511 2713 665 2786 amnuit.

374 2835 482 2908 Nunc
499 2834 542 2908 ad
559 2834 878 2936 septentrionalem
897 2836 1037 2938 plagam
1054 2850 1218 2911 vertatur
1233 2862 1373 2937 penna,
1391 2836 1429 2907 in
1444 2861 1514 2937 qua
1530 2861 1639 2937 super
1655 2836 1726 2908 val-

325 2958 421 3044 lum,
449 2984 524 3031 non
546 2958 655 3060 longe
678 2988 698 3032 a
720 2977 826 3059 porta
847 2963 1041 3050 Dnoccnsi,
1066 2978 1167 3035 tenet
1196 2962 1233 3034 in
1257 2959 1435 3035 beneficio
1461 2958 1557 3032 tilius
1579 2956 1724 3033 Geraldi

325 3081 566 3181 negociatoris
583 3080 626 3153 de
644 3084 776 3157 Sancto
790 3084 899 3156 Petro
913 3100 1046 3155 terram
1059 3082 1269 3156 reddentem
1287 3079 1420 3156 solidos
1433 3106 1458 3152 x
1471 3106 1722 3156 nummorum.

373 3202 415 3274 ln
436 3203 517 3277 vico
534 3230 681 3305 quoque
700 3204 822 3276 Sancti
843 3203 997 3278 Andreae
1015 3206 1053 3277 in
1070 3202 1296 3279 dominicatu
1315 3202 1468 3275 Sanctus
1483 3202 1612 3275 Petrus
1637 3228 1726 3302 pos-

323 3323 414 3397 sidet
436 3323 527 3399 duos
548 3323 682 3399 solidos
706 3351 946 3400 nummorum
966 3325 1010 3399 de
1028 3351 1156 3415 censu,
1176 3352 1254 3400 non
1272 3325 1382 3425 longe
1399 3348 1418 3395 a
1438 3340 1551 3424 ponte
1568 3324 1631 3424 qui
1649 3349 1725 3397 res-

323 3447 412 3546 picit
430 3446 473 3519 ad
489 3464 635 3547 portam
649 3447 820 3523 Ainboldi
833 3464 858 3521 ¹.
873 3448 903 3521 A
920 3475 992 3551 qua
1004 3468 1111 3550 porta
1128 3476 1205 3525 non
1216 3450 1326 3550 longe
1339 3464 1392 3522 cst
1405 3446 1535 3520 domus
1548 3445 1724 3521 lobannis

324 3594 407 3641 cum
426 3571 529 3642 vinca
544 3596 628 3672 quae
645 3569 777 3645 solidos
792 3587 864 3644 tres
882 3596 1120 3645 nummorum
1134 3569 1267 3644 reddit.

372 3689 566 3784 Quomodo
583 3708 705 3764 autem
720 3717 868 3792 campus
881 3693 996 3764 Fauni
1015 3695 1249 3785 terminetur,
1265 3717 1331 3765 suo
1343 3690 1426 3767 loco
1442 3689 1597 3765 dicetur.
1615 3689 1723 3763 Nunc

323 3838 410 3889 sero
423 3811 467 3885 ad
480 3837 520 3885 ca
535 3840 618 3914 quae
632 3813 787 3912 capitula
800 3814 1051 3915 praesingnant
1064 3813 1262 3889 redeamus.

367 4091 375 4111 ¹
400 4078 515 4139 Portam
538 4081 688 4161 antiquam
710 4104 773 4163 quac
795 4083 952 4143 vocabatur
974 4083 1006 4143 la
1039 4083 1216 4146 Drocensem
1232 4096 1261 4145 ct
1275 4082 1443 4159 Guillclmi,
1460 4104 1477 4143 a
1492 4082 1531 4144 D.
1547 4080 1649 4162 Muley
1662 4078 1724 4139 dis·

319 4189 402 4258 porte
412 4176 566 4249 Ambaud,
577 4176 663 4237 fuisse
675 4200 765 4261 prope
779 4194 896 4261 pontem
909 4180 1008 4241 Sancti
1040 4184 1142 4242 cimus.

323 4274 462 4351 Andreae,
476 4288 573 4356 postea
584 4276 625 4336 du
638 4277 792 4339 Massam
798 4324 809 4353 ,
821 4282 898 4341 inter
912 4293 1008 4361 portas
