4462 6120
734 724 771 794 S.
795 720 937 795 PETRI
962 717 1299 791 CARNOTENSIS.
1638 723 1708 792 209

323 867 393 955 rit,
417 868 503 939 CCC
515 867 633 940 ‘libras
655 868 731 940 auri
758 868 958 967 persoluat,
980 865 1018 938 e‘t
1040 865 1206 939 voluntas
1230 867 1304 963 ejus
1327 864 1486 937 inefficax
1508 883 1708 955 remaneut3

323 1002 450 1089 uterus,
469 990 534 1061 nisi
552 989 900 1064 ad'emeudationem
917 989 1077 1075 venerit,
1097 989 1219 1088 poenis
1236 981 1389 1076 inferni,
1407 1007 1495 1060 uum
1513 988 1604 1061 tuda
1623 990 1713 1087 pross

323 1106 441 1184 ditore
448 1165 459 1200 ,
475 1109 666 1211 subjaceat.
683 1112 965 1209 subscripsimus
978 1111 1085 1183 etiam
1100 1111 1248 1184 nomina
1262 1111 1407 1182 testium
1420 1113 1483 1211 qui
1502 1102 1546 1184 en
1559 1128 1713 1212 utraque

324 1248 424 1330 parte
441 1231 591 1307 fuerunt
608 1248 713 1306 testes
727 1230 934 1310 donationis
952 1229 1070 1330 hujus.
1092 1230 1307 1318 Herbertus,
1325 1230 1437 1305 frater
1453 1231 1610 1304 Fulcaldi
1619 1285 1629 1320 ,
1649 1233 1714 1304 fir-

323 1354 447 1426 mavit.
467 1354 615 1446 suffitia,
633 1372 749 1427 mater
766 1381 906 1430 eorum.
927 1353 1127 1443 Fulcaldus‚
1147 1351 1252 1452 hujus
1268 1352 1353 1428 doni
1374 1354 1537 1453 largitor.
1558 1355 1711 1447 Lizinin,

324 1499 418 1549 uxor
441 1479 528 1575 ejus.
547 1477 728 1551 Johannes
750 1494 788 1551 et
808 1480 989 1551 Rotroeus
1006 1474 1274 1563 etflerbertus,
1298 1475 1364 1547 filii
1385 1478 1472 1574 ejus.
1495 1476 1710 1561 Milesindis,

324 1595 396 1667 fitia
412 1599 499 1695 ejus.
519 1597 769 1699 Aremburgis,
790 1624 894 1672 soror
913 1601 1000 1700 ejus.
1020 1598 1184 1698 Hugouis
1200 1597 1388 1670 Palestelli.
1409 1597 1599 1670 Durandus
1613 1625 1714 1698 pres-

324 1715 432 1791 biter.
452 1717 676 1793 Lambertus.
697 1719 793 1794 Odor
810 1719 1008 1792 Ascelinus.
1027 1719 1241 1791 Bernardus.
1260 1722 1314 1791 Ex
1329 1736 1452 1794 nostra
1466 1738 1568 1819 parte
1590 1753 1597 1793 :
1618 1724 1713 1793 Her-

325 1839 490 1931 moinus,
508 1846 624 1941 major
640 1841 882 1928 BosciMedii3
902 1841 1100 1914 Herbertus
1118 1841 1222 1913 Canis
1239 1843 1431 1931 Paruulus,
1451 1842 1692 1915 Ernaudellus
1702 1897 1712 1931 ,

326 1959 529 2052 Anstasius,
549 1961 733 2036 Guarinus
740 1992 751 2053 ς
773 1963 950 2054 Lorinus,
974 1961 1069 2035 filius
1087 1962 1278 2050 Gualouis;
1302 1961 1495 2036 Ruinaldus
1517 1963 1562 2037 de
1582 1964 1716 2038 Sancto

326 2083 540 2158 Romano.»
731 2094 733 2097 ’
819 2093 822 2098 ’
870 2093 872 2096 ’
993 2095 1001 2102 “

703 2296 1064 2389 CAPITULUM
1097 2297 1341 2389 LXXXV.

674 2565 718 2625 De
740 2567 848 2625 vicaria
870 2566 978 2624 thonis
1000 2565 1083 2630 Villae
1106 2564 1171 2623 datu
1194 2586 1210 2621 a
1234 2562 1372 2621 Fuleoue.

379 2863 396 2898 n
413 2832 554 2903 Sanctae
570 2830 739 2903 aecclesiae
750 2829 918 2903 fidelihus
925 2882 936 2917 ,
955 2845 1028 2901 tam
1040 2827 1281 2928 praesentibus
1294 2852 1402 2927 quam
1419 2827 1572 2919 futuris,
1590 2845 1722 2902 notum
1745 2862 1804 2909 uuo
1816 2877 1835 2906 .,
1853 2859 1923 2907 roso.

329 2978 401 3024 esse
421 2952 605 3038 volumus,
625 2976 691 3048 ego
715 2943 917 3041 Hubertus,
942 2949 1050 3020 abbas
1075 2949 1264 3046 indignus,
1289 2965 1325 3020 et
1350 2949 1469 3021 omnis
1489 2951 1722 3050 congregatio

328 3071 592 3147 monachorum
615 3070 777 3144 coenobii
796 3072 909 3142 sancti
928 3070 1048 3157 Petri,
1070 3060 1245 3168 quonism
1265 3068 1412 3169 quidum
1429 3069 1553 3161 miles,
1574 3056 1725 3145 nomine

329 3195 459 3285 Fulco,
473 3194 652 3282 moriens,
667 3192 812 3263 vivente
824 3190 954 3263 abbate
969 3191 1168 3280 Landrico,
1187 3215 1356 3261 unacum
1371 3216 1548 3263 cunsensu
1562 3191 1724 3265 filiorum

330 3342 503 3407 suorum,
528 3314 693 3413 Hugonis
717 3313 852 3391 scilieet
878 3329 914 3385 et
929 3307 1116 3400 canini,
1145 3310 1260 3383 adhuc
1282 3311 1465 3409 puerulis,
1490 3327 1526 3384 et
1549 3311 1724 3385 Ricbildis

331 3437 483 3525 sororis,
503 3437 646 3508 vicariae
668 3433 917 3526 medietatem,
940 3460 1050 3535 quam
1074 3431 1226 3505 habehat
1248 3434 1286 3505 in
1310 3431 1450 3506 Abonis
1465 3432 1578 3522 Villa,
1599 3449 1724 3509 sancto

329 3561 438 3635 Petro
452 3557 618 3657 apostolo
633 3584 673 3629 ao
686 3556 872 3632 monachis
885 3553 953 3629 sibi
970 3555 1230 3629 famulantibus
1245 3553 1476 3630 concedendo
1493 3553 1642 3648 tribuit,
1657 3583 1725 3655 pro

332 3679 491 3757 remedio
510 3680 640 3751 animae
657 3705 730 3751 suae
746 3695 781 3752 et
804 3681 1006 3751 animarum
1026 3694 1219 3777 parentum
1236 3703 1386 3750 suorum
1402 3693 1510 3778 atque
1527 3667 1726 3752 incolumi-

333 3817 405 3875 tate
428 3801 589 3876 filiorum
596 3829 607 3890 3
632 3800 844 3903 donumque
861 3827 969 3902 super
990 3802 1100 3874 altare
1116 3801 1230 3872 sancti
1248 3800 1344 3874 Petri
1365 3800 1485 3891 misit,
1508 3827 1574 3899 per
1598 3826 1725 3874 manus

332 3924 494 3998 filiorum
519 3941 556 3997 et
579 3926 874 4026 propinquorum
899 3950 1059 3998 suorum.
1085 3916 1171 3999 Post
1195 3926 1294 4022 cujus
1319 3913 1505 4017 mortem,
1533 3923 1627 3997 filius
1653 3927 1726 4024 ejus

332 4050 459 4147 Hugo,
475 4051 551 4147 jam
571 4045 713 4120 adultus
719 4101 730 4136 ,
759 4046 952 4146 'cupiditate
976 4054 1110 4135 victus,
1133 4047 1336 4145 postposito
1353 4045 1452 4119 dono
1474 4047 1604 4144 patris,
1627 4046 1727 4118 vica-

333 4170 424 4241 riam
442 4170 588 4257 invasit3
608 4169 689 4251 sed,
715 4196 735 4240 a
756 4169 863 4244 nobis
884 4187 1007 4270 postea
1024 4170 1141 4242 XXX
1161 4160 1397 4241 nummorum
1414 4165 1537 4242 solidis
1553 4153 1724 4267 acceptis,

333 4291 522 4379 vicariam,
542 4317 651 4392 quam
667 4293 800 4392 injuste
818 4293 1016 4381 invaserat,
1035 4292 1205 4391 reliquit,
1225 4314 1493 4390 guerpumque,
1516 4290 1727 4364 cumfratre

334 4439 399 4487 suo
414 4414 596 4503 Guarino,
615 4439 722 4513 super
738 4415 847 4488 altare
865 4417 977 4488 sancti
996 4416 1091 4489 Petri
1111 4412 1255 4513 publice
1272 4413 1413 4511 posuit,
1432 4411 1501 4484 sub
1518 4413 1727 4487 testimonio

335 4535 468 4610 borum
483 4561 641 4637 quorum
658 4538 807 4609 nomina
823 4537 1048 4610 subscribere
1060 4536 1276 4609 curavimus.
1295 4536 1386 4607 Cum
1400 4534 1477 4634 ipso
1491 4541 1642 4633 Hugone
1654 4534 1727 4609 sue-

334 4672 448 4729 runt:
464 4656 636 4758 Girogius
645 4713 656 4748 ,
675 4657 847 4758 patruelis
860 4661 958 4759 ejus3
974 4661 1061 4732 item
1079 4657 1249 4760 Girogius
1261 4655 1306 4731 de
1319 4654 1490 4728 Haimulfi
1506 4653 1622 4744 Villa,
1638 4655 1728 4730 Her·

334 4777 459 4851 bertus
484 4778 747 4868 Corbonensis,
776 4781 960 4881 Siguinus.
990 4779 1189 4855 Nobiscum
1219 4807 1227 4848 :
1258 4777 1460 4878 Stephanus
1488 4775 1662 4850 Gualoius
1680 4795 1728 4851 et
1824 4843 1828 4850 .

336 4899 431 5002 iilius
449 4903 525 4999 ejus
541 4900 740 4977 Adventius
749 4957 760 4992 ,
780 4901 981 5003 Stephanus
995 4905 1125 5002 major,
1141 4899 1367 4999 0ydelerius3
1388 4897 1574 4973 Teduiuus
1586 4915 1624 4974 et
1634 4899 1728 4972 Gau-⁴

1510 5049 1555 5114 27
