4462 6120
442 724 513 795 238
964 714 1309 790 MONASTERIUM

441 867 501 938 nia
521 895 530 938 :
549 866 598 938 ita
616 859 783 936 videlicet
802 879 843 933 ut
868 860 951 934 inde
972 862 1186 949 aecclesiam,
1210 861 1338 936 domos
1360 875 1399 933 et
1424 857 1553 934 horrea
1573 884 1659 949 sua,
1683 862 1831 961 quando

442 1011 533 1087 opus
549 985 680 1075 fuerit,
701 983 900 1073 aedificent,
923 1011 1027 1086 agros
1045 999 1082 1058 et
1100 1000 1237 1058 curtem
1259 1009 1360 1055 suam
1380 981 1566 1071 claudant,
1585 999 1693 1082 atque
1709 985 1830 1058 omnia

443 1134 504 1181 sua
519 1105 930 1183 necessariaexcludant.
946 1110 1031 1180 Post
1045 1123 1203 1181 mortem
1219 1123 1339 1178 autem
1353 1109 1451 1204 ejus,
1471 1108 1508 1177 in
1523 1106 1705 1181 cimiterio
1718 1109 1829 1179 saneti

441 1231 537 1305 Petri
559 1256 691 1332 corpus
706 1232 781 1329 ejus
798 1244 853 1302 est
871 1228 1072 1328 sepultum,
1092 1227 1124 1300 V
1143 1227 1221 1299 idus
1236 1226 1371 1326 aprilis.
1391 1229 1499 1299 'l'unc
1518 1253 1667 1329 quoque
1684 1254 1778 1303 uxor
1795 1244 1833 1301 et

441 1353 571 1454 reliqui
585 1352 649 1425 filii
661 1356 736 1452 ejus
750 1376 894 1423 rursum
905 1349 1044 1424 donum
1058 1351 1168 1421 saltus
1178 1347 1358 1448 praelibati
1370 1375 1479 1449 super
1492 1351 1615 1438 altare,
1629 1377 1700 1449 pro
1712 1350 1832 1422 anima

441 1475 573 1573 patris,
592 1488 806 1573 posuerunt.
826 1475 939 1572 Hujus
956 1473 1008 1546 rei
1027 1473 1172 1545 testium
1188 1472 1337 1546 nomina
1355 1469 1554 1571 subscripta
1571 1488 1657 1544 sunt
1677 1503 1685 1545 ε
1706 1470 1833 1544 Gerel-

442 1623 521 1669 mus
538 1596 730 1696 presbiter,
754 1596 844 1669 Milo
864 1593 1055 1694 presbiter,
1079 1594 1175 1668 Urso
1197 1594 1319 1686 miles,
1343 1593 1423 1668 0do
1444 1594 1564 1682 miles,
1588 1596 1651 1669 lvo
1667 1593 1769 1665 miles
1786 1591 1832 1665 de

441 1720 522 1807 Fai3
545 1717 757 1809 Hilduinus,
777 1719 890 1792 frater
912 1720 1005 1818 ejus3
1027 1717 1231 1807 Givelinus3
1252 1718 1465 1806 Rainaldus,
1487 1717 1584 1790 filius
1599 1722 1676 1816 ejus
1684 1746 1694 1807 3
1715 1717 1833 1793 Goda-

440 1840 556 1913 fridus
570 1842 685 1916 miles.
706 1873 723 1910 a

870 1999 1231 2092 CAPITULUM
1269 2002 1405 2090 ΧΙῙΙ.

991 2223 1036 2283 De
1049 2224 1158 2285 vicaria
1173 2223 1282 2286 belsia.

492 2485 510 2523 a
527 2456 569 2526 ln
590 2450 722 2525 Christi
742 2452 905 2524 nomine.
933 2451 1013 2549 Ego
1030 2449 1249 2537 Walterius,
1274 2448 1370 2521 filins
1391 2446 1522 2521 Flealdi
1533 2503 1544 2536 ,
1565 2448 1704 2524 abbatis
1721 2455 1832 2526 sancti

441 2577 537 2652 Petri
561 2575 741 2648 Eustachii
768 2588 804 2646 et
826 2572 893 2645 sibi
921 2575 1109 2649 conmissae
1135 2572 1423 2672 congregationis
1446 2570 1612 2670 precibus
1639 2574 1831 2665 adductus,

442 2701 612 2772 vicariam
627 2722 773 2771 omnem
786 2721 898 2796 quam
912 2696 949 2767 in
964 2693 1134 2768 omnibus
1149 2695 1253 2767 terris
1270 2694 1382 2765 sancti
1400 2695 1497 2765 Petri
1512 2692 1702 2785 habebam,
1720 2724 1833 2771 uxore

445 2849 522 2897 mea
534 2820 741 2895 Fredesindi
754 2835 790 2892 et
803 2819 879 2891 lilio
892 2844 974 2892 meo
989 2815 1177 2902 Rainaldo,
1197 2842 1281 2887 cum
1298 2815 1472 2888 fratribus
1487 2833 1526 2890 et
1542 2820 1729 2893 sororibus
1745 2822 1832 2911 suis,

442 2962 549 3045 atque
563 2946 671 3016 etiam
683 2940 845 3014 Lisiardo
859 2937 1122 3027 annuentibus,
1140 2964 1208 3037 pro
1222 2938 1425 3010 animarum
1438 2955 1646 3014 nostrarum
1658 2958 1695 3015 et
1709 2969 1835 3043 parens

443 3085 521 3139 tum
542 3083 754 3140 nostrorum
775 3062 1044 3162 redemptione,
1065 3088 1130 3160 per
1154 3088 1369 3136 consensum
1392 3061 1517 3136 domni
1540 3065 1611 3136 mei
1634 3065 1832 3152 Gunhcrii,

443 3188 600 3262 ecclesiae
616 3187 729 3259 sancti
747 3186 843 3259 Petri
869 3187 906 3258 in
929 3200 1145 3283 perpetuum
1162 3183 1329 3272 dimitto,
1353 3185 1530 3283 accipiens
1551 3184 1661 3259 michi
1687 3189 1725 3259 in
1744 3215 1836 3262 con-

443 3309 611 3383 canbium
630 3337 649 3381 a
668 3307 810 3408 prefato
827 3307 956 3379 abbate
977 3323 1014 3380 et
1032 3305 1220 3382 monacbis
1243 3324 1315 3378 tres
1335 3307 1553 3405 agripennos
1571 3309 1776 3403 vinearum,
1798 3314 1835 3385 in

443 3432 605 3506 convalle
625 3432 747 3503 Sancti
767 3428 1030 3516 Bartholomei,
1056 3431 1093 3501 in
1117 3430 1236 3504 clauso
1253 3429 1316 3530 qui
1331 3428 1470 3500 dicitur
1487 3429 1710 3529 ingelbaudi.
1733 3434 1837 3509 Unde

443 3557 552 3629 etiam
573 3554 725 3654 predicti
746 3551 913 3628 monaehi
933 3551 1093 3651 praefatae
1113 3554 1217 3624 uxori
1236 3579 1326 3625 meae
1347 3551 1433 3624 duas
1452 3553 1528 3623 auri
1548 3555 1685 3642 untias,
1706 3573 1743 3630 et
1760 3557 1837 3634 filio

442 3703 525 3751 meo
544 3701 681 3777 equum
698 3676 837 3775 argenti
857 3675 986 3747 marcis
1008 3699 1069 3747 sex
1090 3690 1338 3773 comparatum
1360 3672 1516 3761 donant,
1537 3675 1711 3774 praedicto
1730 3681 1837 3753 etiam

445 3799 606 3872 Lisiardo
626 3800 659 3874 V
679 3796 847 3871 addentes
873 3797 1020 3872 solidos.
1048 3796 1156 3890 Quod
1180 3798 1288 3870 etiam
1312 3797 1515 3897 posteritati
1541 3814 1679 3874 nostrae
1706 3818 1837 3877 notum

443 3921 560 3995 facere
578 3935 614 3994 et
630 3947 696 4019 per
708 3918 930 3994 succedentia
945 3936 1108 4021 tempora
1120 3937 1241 3992 ratum
1253 3946 1399 3994 manere
1411 3922 1617 4020 capientes,
1634 3923 1838 3998 litterarum

445 4044 631 4118 memoriae
645 4040 735 4114 tradi
748 4042 942 4132 voluimus3
957 4059 993 4114 et
1003 4069 1114 4114 manu
1125 4057 1246 4115 nostra
1262 4042 1472 4116 annotando
1482 4043 1718 4131 firmavimus,
1732 4063 1839 4148 atque

444 4166 588 4239 domnis
608 4182 644 4238 et
666 4166 788 4236 amicis
806 4166 940 4239 nostris
963 4164 1006 4236 ad
1024 4163 1368 4239 corroborationem
1385 4165 1607 4266 tangendum
1622 4166 1836 4244 obtulimus.

444 4290 483 4362 S.
500 4287 698 4376 Gualterii,
728 4288 792 4361 filii
821 4286 967 4361 Flealdi.
996 4287 1241 4375 Fredesindis,
1271 4288 1407 4362 uxoris.
1438 4289 1599 4362 Rainaldi
1614 4344 1625 4378 ,
1653 4290 1719 4363 filii
1749 4297 1835 4392 ejus.

445 4413 568 4486 Heliae.
596 4412 772 4511 Hugonis.
801 4410 964 4482 Lisiardi.
996 4409 1167 4498 ¹Adeline,
1200 4410 1285 4483 filiae
1305 4413 1397 4510 ejus.
1427 4409 1627 4485 Elisabeth.
1656 4413 1711 4486 Ex
1738 4430 1839 4514 parte

441 4534 619 4609 'Gualterii
642 4565 650 4604 :
672 4530 877 4606 Rodbertus
890 4587 899 4619 ,
929 4532 1022 4605 filius
1045 4533 1213 4620 Rodulfi3
1243 4535 1368 4634 llugo,
1392 4530 1490 4605 filius
1514 4532 1700 4608 bamberti
1712 4563 1724 4623 ;
1750 4538 1836 4625 lvo,

444 4656 541 4730 filius
559 4656 751 4738 Norberti;
771 4654 1010 4752 Oydelardus,
1033 4683 1145 4756 nepos
1164 4658 1364 4746 Gnalterii3
1389 4656 1585 4748 Einarrlus‚
1608 4656 1838 4731 Raimbaldus

446 4779 640 4880 presbiter,
658 4777 858 4852 Lanbertus
874 4779 1064 4878 presbiter.
1086 4782 1141 4853 Ex
1158 4798 1281 4856 nostra
1299 4797 1429 4880 parte:
1446 4779 1667 4856 Ganslredus
1684 4781 1817 4882 praesnl
1823 4822 1838 4875 1,

448 4900 866 5002 ingelrannus-decanus,
879 4899 1074 4975 Adelardus
1087 4901 1324 4991 subdecanus,
1336 4901 1531 4976 Gaaslinus
1544 4901 1837 4993 archidiaconus,
