4462 6120
331 4907 340 4931 ⁴
448 4899 515 4980 legit
523 4898 636 4960 busta
617 4916 819 4983 crematorum,
821 4916 849 4962 et
859 4925 889 4961 ιιι
895 4915 983 4984 puteo
993 4897 1128 4982 quodum

447 709 493 776 ιιι
967 701 1332 778 uonnsrumuu-
1649 768 1684 835 Ἢ

446 856 508 954 qui
523 851 567 926 ad
580 850 727 926 eandem
741 850 938 923 ecclesiam
952 848 1207 949 confugerant,
1217 848 1380 955 cruputis
1391 846 1630 962 ιίιάἰὶιιιῂι
1647 875 1732 923 oves
1747 873 1844 923 mao-

448 990 635 1062 tarerunt,
654 971 816 1074 urbeque
831 972 1048 1073 depopulata
1065 988 1173 1072 atque
1190 996 1370 1059 succensa,
1391 970 1470 1043 laeti'
1482 986 1519 1044 et
1534 969 1680 1060 alacres,
1695 973 1748 1045 uti
1767 997 1842 1046 suae

449 1080 608 1170 libidinis
621 1110 823 1193 compotes,
836 1092 977 1171 durmad
990 1110 1083 1166 rates
1093 1093 1234 1197 relictas
1244 1092 1473 1165 arbitrantur
1482 1120 1567 1169 cum
1577 1096 1717 1193 magnis
1729 1095 1843 1193 copiis

371 1296 375 1303 ,
448 1219 583 1307 redire,
603 1218 868 1290 interveniente
884 1216 987 1290 beata
1007 1217 1071 1290 Dei
1087 1198 1264 1316 genitrice
1278 1216 1390 1289 Maria
1403 1241 1511 1315 quam
1526 1218 1626 1316 parvi
1641 1215 1843 1315 penderant

447 1339 648 1429 offendere,
665 1366 755 1443 per
743 1368 783 1415 os
793 1341 963 1439 janitoris
981 1338 1087 1413 inferi
1107 1337 1150 1411 ad
1169 1340 1425 1412 inclementem
1440 1337 1652 1411 barathrum
1671 1364 1743 1410 una
1761 1338 1840 1426 die,

448 1464 576 1536 merita
599 1479 740 1553 morte,
764 1461 1049 1549 descenderunt;
1073 1477 1160 1533 nam
1185 1463 1336 1547 Franci,
1362 1478 1557 1561 antequam
1578 1461 1623 1534 ad
1645 1477 1739 1534 rates
1767 1486 1845 1535 sues

447 1587 650 1722 potuissent
662 1612 726 1684 per
730 1586 864 1671 venire,
878 1586 1056 1684 congressi
1069 1600 1155 1656 sunt
1165 1598 1248 1654 cum
1259 1583 1321 1670 eis,
1337 1599 1374 1655 et
1386 1571 1591 1695 ‘q'situidme
1601 1582 1845 1663 Dmvictoria

448 1735 491 1780 ex
515 1708 564 1781 eis
588 1707 718 1811 ιιοιίιίι
743 1733 807 1805 per
830 1732 975 1805 campos
999 1707 1166 1778 cadavera
1191 1725 1331 1803 eorumj
1347 1701 1524 1798 trucidata
1546 1704 1673 1777 avibus
1695 1720 1734 1778 et
1742 1703 1844 1780 ‘feris

448 1826 671 1904 corrodenda
688 1828 955 1928 reliquerunt
931 1835 939 1864 ¹
1284 1908 1287 1913 ι
1293 1800 1339 1912 ἰ’

500 1957 558 2024 23.
572 1951 739 2049 [Operae’
755 1952 916 2050 puccium
931 1950 1017 2023 duxi
1031 1947 1117 2023 huic
1130 1951 1459 2054 orationiinsercre
1472 1949 1846 2027 oinidionemfactam

448 2091 611 2173 tempore
629 2071 819 2146 Gancelini
841 2073 1026 2172 praesuiis,
1045 2099 1130 2163 cnm
1151 2090 1304 2172 propter
1325 2073 1527 2149 novitatem
1550 2076 1743 2174 temporis,
1766 2091 1846 2147 tum

448 2211 599 2295 propter
622 2195 899 2271 memorandum
923 2195 1142 2268 miraculum
1168 2194 1268 2296 quod
1296 2197 1334 2268 in
1361 2222 1400 2268 ea
1427 2201 1569 2295 patrare
1597 2194 1847 2299 dignatusest

448 2313 624 2393 Dominus
635 2317 761 2391 ihesus
775 2306 956 2406 Christus,
972 2320 1179 2391 interventu
1191 2319 1350 2418 ejusdem
1361 2318 1549 2418 genitricis
1558 2316 1674 2393 heatae
1684 2300 1846 2418 Viissginis

448 2440 586 2512 Mariae
613 2440 705 2513 Nam
730 2441 961 2513 transmarini
984 2441 1137 2539 pagani,
1160 2432 1296 2540 quibus
1319 2439 1396 2512 dux
1420 2459 1575 2540 praeerat
1600 2441 1729 2528 Rollo,
1749 2466 1847 2514 mare

450 2578 707 2637 transmeantes
732 2565 775 2635 in
797 2564 975 2637 Nenstriae
1002 2558 1207 2662 partibus,
1215 2562 1410 2634 maximam
1429 2577 1536 2635 terrae
1553 2580 1693 2661 partem
1710 2563 1846 2636 virtute

448 2681 533 2759 belh
545 2682 752 2757 invadentes
760 2660 1116 2782 septenfivnates
1103 2711 1178 2780 Jam
1190 2682 1450 2758 obtmnerant
1442 2711 1656 2785 ,aquorum
1670 2682 1847 2758 vocabulo
1876 2690 1899 2727 ἰ

448 2806 570 2878 eadem
589 2823 683 2878 terra
701 2807 829 2879 sortita
849 2821 902 2875 est
920 2830 1068 2878 nomen.
1091 2804 1160 2901 lpsi
1178 2805 1277 2876 enim
1299 2831 1318 2875 a
1338 2805 1427 2876 flatu
1433 2808 1614 2905 Norici³,
1642 2808 1845 2892 Normanni

448 2944 648 3002 socantur:
640 2952 771 3026 aquo
783 2951 935 2999 nomme
945 2926 1169 2998 Normanma
1185 2927 1379 3000 vocitatur.
1394 2896 1637 3030 Vfflcoitaque
1650 2927 1844 3001 insaciabili

447 3049 605 3122 avaritiae
628 3048 853 3135 laborantes,
883 3073 948 3147 per
974 3047 1177 3148 Sequanam
1202 3047 1356 3120 fluvium
1385 3052 1614 3150 navigantes,
1636 3053 1847 3125 Parisiacam
1915 3059 1919 3069 '

449 3171 579 3245 urbem
602 3171 770 3246 obtinere
792 3168 973 3241 ambiunt.
1003 3169 1073 3262 Qui
1101 3195 1184 3241 cum
1210 3168 1355 3242 desidua
1380 3165 1570 3256 obsidione
1597 3190 1634 3245 et
1660 3199 1848 3248 armorum

448 3295 684 3381 exercitione,
702 3295 879 3365 incassum
897 3291 1061 3366 laborare
1078 3306 1420 3390 cernerent‚proras
1432 3294 1578 3367 navium
1588 3311 1688 3370 retro
1698 3313 1848 3370 verten-

449 3433 516 3504 tes,
530 3416 758 3492 obsidionem
770 3416 971 3517 liquerunt.
984 3416 1109 3514 ltaque
1119 3415 1231 3486 animi
1246 3415 1299 3485 sni
1313 3414 1554 3489 ambitionem
1562 3416 1607 3489 ad
1620 3417 1751 3491 urbem
1764 3419 1848 3492 Car·

448 3556 638 3614 notensem
652 3556 733 3614 toto
745 3539 826 3611 nisu
835 3552 1039 3612 verterunt.
1051 3534 1222 3637 Adquam
1232 3563 1298 3636 per
1307 3538 1510 3639 Sequanam
1523 3541 1632 3612 remis
1643 3558 1845 3631 currentes,

449 3664 486 3734 in
495 3660 638 3736 Givaldi
650 3660 743 3736 fossa
753 3661 992 3761 aplicuerunt.
1004 3658 1060 3732 lbi
1071 3657 1228 3760 denique
1238 3658 1390 3732 navibus
1402 3659 1550 3749 relictis,
1561 3663 1712 3761 praepeti
1727 3688 1847 3752 cursu,

496 3925 571 3986 'De
601 3947 635 3984 ea
662 3927 780 3985 victoria
805 3926 981 4019 frangorum
1011 3925 1127 3984 uberius
1163 3925 1238 3983 irum
1252 3926 1348 4006 ipsam
1361 3926 1524 3985 aecclesiam
1540 3928 1595 3984 sito
1597 3923 1754 4007 ‚pmJecr't;
1771 3927 1848 3991 unde

449 4022 603 4082 codexB:
596 4024 699 4083 ·Nam
716 4025 825 4082 Franci
837 4023 1033 4104 undecumque
1046 4043 1128 4079 cum-
1163 4025 1225 4106 ipse
1241 4039 1349 4106 puteus
1364 4026 1459 4083 Locus
1475 4026 1573 4084 Fortis
1587 4047 1606 4084 a
1623 4025 1732 4083 civibus
1755 4046 1847 4109 usque

446 4118 558 4197 globati
557 4118 1128 4216 ,antequambarbarsadrelictusuaves
1165 4119 1246 4180 hodie
1260 4135 1414 4192 vocitatur
1430 4121 1509 4180 ubi
1487 4126 1600 4203 Jugrter
1620 4124 1727 4181 meritis
1749 4140 1846 4187 eonem

448 4207 602 4297 adtingere
609 4219 790 4299 potuissem,
806 4217 974 4300 congressi
971 4230 1039 4273 sunt
1064 4236 1129 4274 cum
1164 4239 1283 4299 quorum
1292 4217 1368 4276 rbi
1339 4239 1446 4276 cineres
1450 4233 1558 4301 proesto
1560 4220 1846 4278 lanturcumCdristo

448 4315 500 4386 eis,
517 4329 555 4391 et,
569 4314 629 4373 Deo
642 4317 784 4397 praesule,
794 4315 1127 4396 uictoriaeeeispott'ti,
1164 4336 1308 4396 resurgere
1324 4331 1460 4399 atquem
1482 4317 1561 4374 coelis
1579 4340 1643 4374 cum
1663 4339 1695 4375 eo
1710 4336 1844 4397 reguum,

448 4415 521 4470 sicut
536 4434 626 4496 usque
641 4411 725 4504 bodie
735 4426 853 4494 upnret,
866 4434 920 4494 per
933 4433 1050 4494 campos
1064 4425 1129 4470 tru-
1164 4414 1226 4493 ipso
1242 4426 1427 4493 cooperuisse,
1445 4415 1537 4472 multa
1546 4412 1629 4494 fiunt
1646 4414 1803 4473 mirabilia.

448 4508 544 4567 cidara
561 4530 657 4568 eorum
674 4530 792 4590 corpora
809 4509 912 4568 avibus
931 4523 957 4567 et
967 4508 1048 4592 seris
1059 4530 1128 4566 cor·
1206 4521 1217 4547 ²
1237 4510 1322 4570 Hanc
1337 4510 1510 4572 de·⁴Rossone
1524 4513 1744 4594 digressionem,
1758 4534 1846 4592 qusm

447 4607 574 4667 rodenda
589 4608 774 4690 reliquerunt.
790 4608 926 4691 Populus
941 4608 1061 4690 denique
1079 4629 1128 4690 qus
1164 4630 1245 4667 uncis
1257 4609 1443 4683 inclusimus
1462 4611 1552 4669 solum
1567 4609 1616 4669 dat
1630 4608 1777 4684 codexB,
1794 4633 1847 4671 co-
1891 4615 1894 4620 ’

447 4704 570 4786 effugere
587 4721 681 4787 potuit
699 4706 837 4785 gladium
861 4706 1066 4777 barbarorum,
1088 4704 1130 4763 ad
1164 4706 1227 4766 dice
1239 4707 1262 4766 Δ
1274 4709 1426 4767 recentior.

447 4821 651 4863 concrematam
671 4804 767 4864 urbem
787 4803 954 4886 regreditur,
967 4802 1129 4884 atquocol-
1207 4802 1415 4877 wmarus,
1431 4827 1461 4887 q.
1479 4827 1505 4868 e.
1522 4806 1692 4886 septentrio.

1635 5014 1718 5127 ι
