4462 6120
687 722 724 794 S.
743 720 886 795 PETRI
911 719 1247 801 CARNOTENSIS.
1308 783 1317 813 ι
1609 726 1656 799 tt

266 897 349 973 gere
369 869 615 971 temptaverit,
633 885 695 942 aut
718 870 875 970 aliquam
898 867 1034 959 infert
1051 869 1287 957 calumniam,
1307 869 1374 943 Dei
1393 871 1657 971 omnipotentis

266 992 553 1093 indignationem
567 990 915 1092 inrecuperabiliter,
929 991 997 1065 nisi
1013 990 1088 1066 cito
1099 991 1313 1091 resipuerit,
1330 993 1493 1066 incurrat
1506 1009 1542 1068 et
1554 1011 1659 1070 eeter-

265 1115 397 1190 naliter
407 1114 653 1189 ‘infernalibus
668 1113 883 1188 detrudatur
904 1111 1141 1204 cruciatibus,
1160 1114 1230 1213 ubi
1242 1115 1373 1186 vermis
1387 1117 1449 1217 qui
1471 1142 1658 1220 nonquam

264 1240 425 1312 moritur
441 1242 517 1335 ejus
533 1236 710 1313 conrodat
726 1261 868 1325 carnes,
889 1253 925 1310 et
943 1237 1037 1337 ignis
1054 1237 1117 1337 qui
1135 1262 1324 1338 nunquam
1340 1237 1568 1340 extinguitur
1584 1244 1658 1340 ejus

264 1387 405 1462 semper
419 1378 585 1462 pascatur
597 1357 829 1465 cruciatibus.
844 1359 896 1433 Ut
909 1374 1029 1432 autem
1042 1356 1120 1432 haec
1135 1358 1284 1435 donatio
1300 1360 1547 1434 inviolabilem
1562 1361 1659 1437 obti-

265 1497 349 1559 neat
360 1478 584 1572 lirmidtem,
598 1480 766 1557 manibus
779 1482 938 1582 propriis
948 1506 1028 1554 eam
1041 1480 1277 1571 firmavimus,
1291 1497 1327 1555 et
1341 1479 1503 1564 fidelium
1516 1500 1658 1562 nostro·

264 1600 349 1678 rum
372 1603 540 1683 manibus
559 1602 804 1681 roborandam
819 1602 1056 1677 decrevimus.
1074 1603 1117 1677 ln
1138 1603 1233 1676 calce
1249 1629 1395 1706 quoque
1413 1601 1519 1705 hujus
1541 1608 1659 1708 scrip-

264 1744 359 1804 turae
375 1730 543 1803 intimare
559 1727 659 1803 volui
679 1727 783 1827 quia,
803 1727 897 1799 sicut
912 1753 981 1826 pro
999 1726 1117 1799 anima
1134 1752 1212 1798 mea
1224 1708 1346 1802 omnia
1364 1725 1502 1827 prefata
1515 1726 1658 1805 Christo

265 1865 302 1923 et
316 1848 423 1953 beato
436 1824 721 1951 Petro⁸ap0st0lo
738 1846 924 1924 monachis
936 1847 1211 1937 famulantibus,
1228 1849 1264 1920 in
1278 1873 1406 1923 eorum
1421 1849 1559 1940 usibus,
1573 1836 1660 1927 con-

265 1975 365 2062 cessi,
381 1975 431 2047 ita
445 2001 513 2074 pro
527 1973 644 2046 anima
655 1974 769 2072 patris
782 1973 852 2044 mei
863 1971 1060 2060 lleirberti,
1078 1971 1277 2044 Trecassini
1293 1972 1450 2060 comitis,
1467 1974 1528 2074 qui
1546 1958 1657 2047 michi

264 2095 432 2194 praefatas
445 2123 501 2171 res
518 2097 556 2168 in
568 2093 804 2168 hereditatem
818 2091 918 2166 dedit
930 2108 1037 2194 atque
1050 2093 1238 2168 concessit.

205 2237 211 2248 ’
316 2228 339 2287 a
349 2217 429 2293 Odo
449 2242 581 2293 comes.
603 2218 730 2316 ¹¹qu
755 2231 887 2289 sanctae
910 2215 1147 2315 biturigensis
1167 2215 1337 2289 aecclesiae
1355 2213 1656 2321 archiepiscopus.

265 2338 356 2430 Odo,
364 2339 595 2415 Carnotensis
604 2335 950 2438 praesulLedgardis
960 2337 1153 2425 comitissa,
1163 2338 1224 2438 qui
1235 2336 1313 2411 haec
1322 2338 1450 2440 largita
1458 2357 1520 2413 est.
1531 2340 1660 2414 Emma

265 2464 446 2536 comitissa
462 2464 618 2535 Pictavae
634 2457 750 2533 urbis.
770 2458 981 2533 Landricus.
1006 2456 1217 2559 Hilgaudus.
1235 2461 1443 2561 suggerius.
1464 2462 1657 2539 Rotrocus.

266 2583 463 2683 Arduinus.
494 2583 688 2658 Ucbertus.
719 2581 944 2657 Fulcherius.
973 2579 1115 2655 Tcudc.
1145 2581 1385 2684 VVidgerius.
1413 2576 1659 2660 Erembertus.

265 2708 372 2810 Hugo
388 2706 433 2782 de
446 2706 563 2783 Aloia.
580 2703 793 2780 Gelduinus.
812 2701 1053 2806 Avesgaudus.
1073 2704 1179 2776 Isaac.
1200 2680 1215 2713 ⁰

317 2831 440 2903 «Huic
456 2846 631 2902 maternae
646 2827 836 2903 donationi
855 2827 988 2901 iccirco
1005 2850 1073 2926 ego
1086 2826 1212 2926 Hugo,
1229 2826 1436 2927 primorum
1447 2829 1587 2930 primus
1598 2857 1662 2903 ar-

266 2951 457 3053 chipraesul
465 3007 476 3040 ,
494 2967 531 3024 et
544 2949 624 3024 Odc
639 2975 759 3024 comes
772 2948 988 3037 ditissimus,
1004 2975 1184 3022 assensum
1199 2950 1439 3049 praebuimus,
1454 2968 1497 3024 ut
1508 2950 1660 3044 cotidie,

267 3075 423 3175 exceptis
437 3073 573 3147 feriatis
584 3070 736 3161 diebus,
754 3069 911 3171 psalmus
927 3067 1035 3146 nobis
1052 3096 1071 3141 a
1088 3069 1265 3142 fratribus
1289 3074 1547 3172 praenominati
1558 3066 1660 3166 loci,

266 3196 433 3288 Inclinat,
446 3195 623 3286 Domine,
639 3219 766 3267 aurem
785 3209 906 3281 tuam,
923 3188 1137 3265 decantetur
1153 3208 1190 3265 et
1206 3196 1382 3268 memoria
1396 3197 1511 3268 nostri
1527 3175 1664 3270 assidue

267 3317 330 3392 fiat
344 3319 381 3392 in
400 3319 525 3394 officiis
544 3314 834 3402 matutinalibus,
853 3310 1016 3415 quandiu
1034 3314 1244 3413 superstites
1258 3316 1474 3407 vixerimus3
1498 3307 1582 3417 post
1602 3343 1663 3391 ex·

267 3467 406 3516 cessum
424 3467 511 3516 vero
529 3455 697 3516 nostrum
717 3437 958 3511 anniversaria
976 3433 1052 3510 dies
1073 3451 1284 3511 nostrorum
1308 3437 1563 3512 officiosissime
1579 3464 1664 3512 cum

268 3561 479 3663 antiphonis
491 3579 529 3635 et
544 3560 802 3662 responsoriis,
819 3558 1043 3658 interpositis
1056 3556 1274 3632 lectionibus
1287 3558 1612 3635 consuetudinariis
1627 3576 1665 3636 et

267 3688 457 3760 missarum
472 3683 735 3786 psollempniis,
750 3680 966 3756 celebretur.
983 3678 1086 3753 Adsit
1102 3680 1211 3754 etiam
1224 3681 1272 3755 ita
1285 3707 1355 3784 pro
1367 3682 1476 3760 nobis
1491 3680 1665 3760 laboran-

269 3804 367 3880 tibus
382 3805 557 3881 fratribus
577 3807 743 3906 copiosus
764 3805 803 3878 in
815 3792 905 3878 ¹cibo
922 3819 959 3878 et
978 3819 1071 3904 potu
1089 3800 1212 3877 eadem
1228 3802 1286 3879 die
1302 3823 1505 3906 apparatus.
1528 3804 1579 3879 Et
1595 3805 1666 3882 boc

268 3930 478 4004 memoriale
497 3946 664 4004 nostrum
683 3927 785 4001 nulla
803 3927 989 4002 oblivione
1004 3923 1180 4016 deleatur,
1199 3925 1288 4001 dum
1303 3925 1378 4004 duc
1394 3926 1525 4003 fratres
1537 3952 1667 4030 snper-

269 4053 429 4127 vixerint
442 4055 480 4126 in
493 4054 726 4155 generatione
737 4050 1030 4152 generationum,
1044 4063 1129 4121 ante
1143 4049 1260 4123 Deum
1273 4068 1309 4123 et
1323 4067 1488 4124 sanctum
1498 4054 1662 4144 Petrum,

269 4174 428 4274 ejusdcm
438 4177 508 4250 loci
525 4168 710 4249 custodem
721 4191 758 4248 et
769 4189 1017 4275 protectorem
1027 4171 1259 4245 continuum.
1270 4173 1360 4246 Data
1371 4174 1480 4248 nonis
1490 4172 1663 4249 februarii

270 4294 348 4385 die,
367 4315 543 4401 regnante
561 4295 736 4374 Lothario
752 4321 858 4398 rege,
875 4322 974 4373 anno
988 4318 1112 4381 xx1111,
1133 4295 1362 4395 propiciante
1376 4296 1551 4372 Domino.
1571 4327 1590 4367 a
