4462 6120
545 725 582 795 S.
601 725 743 797 PETRI
769 722 1106 798 CARNOTENSlS.
1453 729 1520 798 137

135 887 266 944 sanctae
279 871 343 945 Dei
357 871 525 942 aecclesiae
542 869 757 959 cultoribus,
777 866 889 972 quod,
907 887 1100 970 postquam
1113 870 1169 942 vir
1187 870 1302 943 clarus
1319 889 1355 946 et
1369 871 1524 947 honora·

134 992 217 1066 bilis
238 994 392 1067 domnus
410 992 600 1081 Albertus,
624 1009 735 1092 prout
757 1009 898 1093 tempus
920 992 1096 1081 contulit,
1120 992 1201 1068 loeo
1219 1011 1347 1069 nostro
1365 1012 1399 1067 et
1419 995 1524 1068 uobis

134 1118 329 1191 aecclesiam
343 1118 462 1189 Sancti
481 1116 651 1189 Germani
667 1115 710 1188 de
724 1116 925 1202 Bruerolis,
947 1141 1031 1186 cum
1044 1116 1120 1187 aliis
1136 1115 1262 1205 rebus,
1284 1096 1337 1190 est
1355 1118 1522 1218 largitus,

133 1239 318 1339 cujusdam
341 1241 392 1312 sui
421 1240 547 1312 militis
570 1240 706 1337 aspexit
729 1255 860 1311 terram
878 1264 961 1339 quae
979 1237 1197 1310 Bulliniacus
1213 1239 1360 1328 dicitnr,
1385 1243 1421 1313 iu
1440 1268 1526 1340 par-

134 1360 276 1435 roechia
289 1363 449 1434 Cruciaci
464 1362 578 1452 villa,
598 1360 641 1434 de
656 1388 725 1461 qua
743 1377 857 1449 terra,
879 1378 967 1432 tunc
980 1360 1127 1462 quidem
1141 1361 1388 1453 inhabitabili,
1408 1365 1526 1462 sepius
1626 1362 1630 1370 ’

135 1487 253 1584 ipsum
276 1486 429 1558 mil-item
457 1482 699 1556 submonebat
722 1500 764 1554 ut
788 1510 865 1556 eam
888 1481 994 1557 beato
1017 1487 1125 1557 Petro
1151 1486 1315 1585 apostolo
1342 1501 1379 1558 et
1401 1501 1525 1560 sancto

133 1605 336 1694 Germano,
362 1632 430 1707 pro
455 1607 584 1678 animae
608 1631 683 1677 suae
704 1603 886 1691 remedio,
915 1605 1029 1677 daret.
1057 1604 1149 1698 Qui,
1176 1605 1240 1677 diu
1269 1603 1458 1695 differens,
1488 1607 1526 1677 in

133 1727 232 1802 bello
256 1729 355 1830 quod
381 1729 492 1828 longo
519 1743 682 1826 tempore
705 1728 805 1799 inter
830 1724 1009 1800 domnum
1031 1726 1222 1799 Albertum
1243 1744 1284 1800 et
1303 1727 1528 1801 Guaszonem

133 1851 226 1938 suit,
260 1849 353 1924 idem
381 1850 505 1936 miles,
531 1849 943 1936 VValteriusnomine,
974 1847 1142 1919 Palanlus
1171 1853 1416 1948 cognomine,
1445 1867 1528 1922 ante

134 1973 299 2045 Castrum
317 1972 462 2044 Novum
478 1969 575 2042 forte
593 1969 724 2043 accidit
741 1984 781 2040 ut
797 1972 954 2068 graviter
972 1969 1192 2067 plagaretur,
1208 1989 1266 2062 et,
1284 1970 1371 2042 dum
1384 1973 1529 2045 timeret

134 2095 250 2181 mori,
274 2092 465 2166 dominnm
485 2118 589 2163 suum
611 2090 803 2162 Albertum
825 2107 932 2190 atque
949 2116 1031 2163 suos
1049 2091 1318 2166 commilitones
1333 2092 1526 2182 advocans,

133 2215 361 2289 medietatem
378 2214 549 2315 predictae
568 2230 695 2299 terrae,
716 2239 800 2284 cum
822 2237 965 2284 assensu
983 2212 1109 2285 domui
1127 2214 1204 2301 sui,
1225 2230 1349 2288 sancto
1367 2218 1475 2290 Petro
1493 2232 1529 2289 et

133 2336 465 2413 sanctoGermano
491 2338 665 2411 concessit
678 2390 689 2425 ,
718 2334 930 2434 donumque
955 2361 1061 2435 super
1087 2334 1197 2408 altare
1222 2339 1334 2409 sancti
1357 2340 1526 2412 Germani

135 2461 358 2533 transmisit:
371 2485 414 2534 eo
430 2458 578 2561 quidem
597 2474 742 2545 tenore,
762 2474 804 2528 ut
820 2458 892 2529 suis
908 2456 1054 2543 usibus,
1074 2456 1159 2529 dum
1177 2459 1378 2556 adviveret,
1399 2461 1529 2534 medie-

135 2597 247 2654 tatem
258 2582 406 2654 alteram
420 2583 594 2655 retineret
600 2611 611 2671 3
627 2596 711 2680 post
723 2598 882 2656 mortem
895 2608 982 2656 vero
999 2582 1162 2681 corporis
1177 2566 1249 2681 ipda
1265 2609 1325 2654 sua
1338 2581 1525 2672 medietas,

136 2702 203 2775 sibi
220 2720 394 2791 retemta,
416 2705 519 2777 alteri
532 2707 658 2803 juncta
675 2700 876 2792 medietati,
897 2702 940 2775 ad
959 2702 1152 2803 praefatum
1170 2705 1375 2803 apostolum
1393 2704 1529 2778 rediret

136 2825 227 2898 etad
241 2842 405 2897 sanctum
423 2827 658 2899 Germanum.
679 2823 786 2918 Quod
803 2840 841 2897 et
856 2824 993 2897 factum
1008 2842 1062 2897 est
1079 2856 1087 2897 ε
1104 2852 1205 2918 nam,
1225 2852 1268 2899 eo
1285 2843 1451 2916 mortuo,
1466 2831 1529 2926 ju-

119 2945 246 3019 bente
259 2945 397 3021 domno
413 2946 580 3034 Alberto,
598 2962 732 3018 terram
750 2972 792 3018 ex
809 2947 952 3044 integro
970 2945 1178 3037 habuimus,
1196 2964 1232 3021 et
1245 2948 1400 3021 eundem
1415 2948 1532 3025 vvat-

138 3071 271 3142 terium
294 3069 332 3140 in
355 3069 489 3143 uostris
510 3065 755 3156 orationibus,
777 3094 860 3139 cum
877 3066 1047 3142 omnibus
1063 3068 1358 3146 benefactoribus
1375 3072 1527 3161 nostris,

136 3193 322 3291 posuimus
344 3217 385 3264 ac
411 3218 479 3290 pro
507 3197 581 3291 ejus
605 3191 723 3263 anima
748 3192 928 3263 aecclaesiae
958 3194 1057 3290 signa
1087 3193 1289 3293 pulsantes,
1321 3209 1428 3293 atque
1455 3194 1530 3268 Deo

137 3340 260 3412 preces
280 3312 440 3386 fudimus
461 3312 598 3386 debitas
618 3329 656 3385 et
678 3338 791 3414 usque
815 3314 853 3384 in
877 3330 1056 3385 aeternum
1079 3341 1097 3384 a
1120 3312 1228 3387 nobis
1250 3313 1462 3386 fundendas.
1487 3317 1530 3386 ln

137 3436 344 3539 supradicto
361 3463 506 3538 quoque
522 3436 642 3525 douo,
669 3463 750 3537 sepe
772 3435 1028 3510 memorandus
1046 3434 1202 3511 domnus
1221 3435 1410 3526 Albertus,
1437 3439 1531 3510 sicut

139 3562 176 3631 in
195 3563 321 3633 ceteris
339 3559 444 3634 donis
454 3615 465 3648 ,
485 3576 557 3631 tam
571 3587 591 3633 a
603 3587 639 3633 se
653 3586 761 3660 quam
776 3587 794 3631 a
808 3560 881 3631 suis
899 3558 1065 3631 fidelibus
1080 3558 1202 3647 factis,
1224 3559 1293 3633 boc
1311 3559 1465 3647 addidit,
1488 3578 1531 3631 ut

138 3683 165 3753 si
181 3699 284 3754 antea
295 3682 413 3781 aliqua
429 3681 689 3756 consuetudine
702 3680 931 3781 gravabatur,
953 3706 1070 3781 neque
1083 3682 1234 3771 vicaria,
1254 3709 1370 3782 neque
1386 3681 1527 3771 banno,

138 3831 256 3906 neque
283 3804 449 3892 teloneo,
475 3821 669 3904 postquam
693 3802 819 3875 datum
843 3803 978 3890 suerit,
1008 3803 1083 3877 ullo
1107 3803 1217 3879 modo
1240 3819 1421 3904 gravetur.
1453 3807 1530 3879 Hoc

138 3953 284 4028 quoque
311 3943 435 3998 sancto
461 3927 568 3999 Petro
597 3943 634 3998 et
658 3940 782 4000 sancto
811 3925 1013 4011 Germano,
1038 3924 1113 3998 Deo
1141 3924 1293 4001 devotus
1322 3928 1379 3997 vir
1405 3926 1527 4014 dedit,

139 4050 263 4125 volens
282 4065 323 4120 ut
338 4049 460 4147 quiete
477 4045 642 4122 monachi
662 4073 802 4145 semper
820 4046 909 4119 inibi
926 4048 1051 4118 vivant
1067 4064 1102 4118 et
1120 4047 1195 4121 Deo
1213 4040 1382 4120 servienti
1402 4048 1531 4121 Voluit

138 4175 248 4244 etiam
262 4169 546 4245 maledictionem
557 4170 750 4258 subscribi,
764 4186 819 4257 ut,
833 4171 860 4241 si
877 4169 1053 4270 quispiam
1068 4169 1260 4268 aliquando
1273 4170 1432 4244 voluerit
1447 4170 1530 4243 huic

140 4295 240 4370 bono
256 4294 357 4394 operi
376 4317 449 4366 esse
465 4295 688 4381 contrarius,
713 4294 828 4392 ipsum
846 4292 962 4366 Deum
979 4307 1016 4364 et
1032 4318 1157 4366 omues
1174 4310 1334 4380 sanctos,
1354 4295 1421 4366 nisi
1440 4296 1531 4366 resi-

140 4417 282 4517 puerit,
308 4417 438 4490 sentiat
458 4415 526 4488 sibi
550 4442 623 4489 esse
645 4417 895 4503 contrarium,
921 4430 1060 4488 etcum
1083 4415 1160 4514 ipso
1180 4414 1325 4489 diabolo
1343 4433 1380 4489 et
1396 4417 1531 4516 angelis

141 4544 215 4640 ejus
239 4539 384 4613 aeternis
408 4538 626 4612 cruciatibus
652 4539 690 4611 iu
714 4538 860 4611 inserno
882 4564 917 4610 se
937 4537 1088 4610 cruciari
1110 4535 1241 4612 doleat.
1262 4539 1385 4611 Testes
1403 4536 1532 4610 harum

141 4689 265 4736 rerum
277 4659 501 4735 subscribere
514 4662 728 4733 curavimus.
750 4659 969 4737 llerbertum
983 4659 1026 4732 de
1040 4660 1230 4734 Burseriis.
1248 4659 1474 4733 Rodbertum
1487 4661 1530 4734 de

141 4785 307 4860 Fossatis.
327 4782 552 4858 Tedbaldum
564 4781 611 4857 ,de
622 4783 723 4858 Valle
737 4784 939 4858 Grinnoso.
959 4780 1180 4871 Ebrardum,
1199 4780 1315 4855 filium
1328 4781 1527 4857 VValterii.

134 4906 331 4982 uodonem
349 4906 594 4983 senescallum.
613 4905 849 4982 VValterium
863 4904 908 4980 de
924 4904 1089 5006 Ungena.
1109 4933 1128 4973 u
1482 4941 1484 4944 ·
