4462 6120
547 725 585 800 S.
606 722 748 799 PETRl
774 658 1111 800 CARNOl'ENSlS.
1456 723 1524 797 itt

130 872 211 950 fore
226 870 454 972 presentibus
470 889 508 948 et
522 874 672 962 futuris,
690 874 775 974 quia
789 872 878 946 adiit
893 898 961 946 nos
977 871 1125 973 quidam
1139 871 1259 944 Sancti
1277 871 1373 944 Petri
1387 872 1526 946 Carno-

131 997 242 1070 tensis
260 997 421 1072 coenobii
438 994 657 1082 monachus,
682 997 832 1095 nomine
850 995 1054 1085 Guarinus,
1072 994 1266 1094 deprecans
1288 1018 1355 1067 nos
1361 1049 1374 1087 ,
1399 1010 1442 1066 ut
1459 992 1527 1065 sibi

133 1134 280 1210 terram,
299 1118 505 1194 Gvidelicet
518 1119 731 1218 aripennos,
746 1143 855 1219 quam
876 1119 913 1191 in
929 1117 1156 1192 dominicatu
1170 1134 1311 1207 nostro,
1328 1117 1366 1189 in
1379 1115 1529 1216 Brogilo

131 1238 255 1313 Amari
266 1293 277 1329 ,
302 1257 425 1315 tenere
439 1239 678 1331 videbamur,
699 1240 836 1314 Sancto
857 1242 965 1316 Petro
992 1216 1208 1314 censualiter
1234 1239 1525 1314 concederemus.

132 1359 241 1455 Quod
258 1360 426 1438 benivole
442 1352 684 1440 concessimus
700 1362 744 1436 ad
761 1388 931 1453 censum,
951 1377 994 1434 ut
1012 1363 1224 1462 deprecatus
1244 1377 1315 1452 est,
1340 1354 1391 1435 ob
1408 1385 1529 1433 reme·

131 1482 234 1556 dium
251 1485 452 1577 animarum
468 1486 642 1586 genitoris
658 1501 695 1559 et
712 1483 898 1586 genitricis
915 1511 1004 1560 meae
1020 1502 1059 1559 et
1075 1500 1296 1559 nostrarum.
1316 1487 1364 1558 Et
1381 1508 1529 1556 conces-

133 1607 244 1679 simus
267 1612 401 1682 terram
423 1610 536 1707 ipsam
560 1607 604 1682 ad
626 1608 764 1682 victum
784 1607 943 1682 fratrum
969 1609 1005 1681 in
1025 1607 1109 1683 loco
1129 1609 1252 1681 Sancti
1273 1606 1371 1681 Petri
1390 1606 1530 1679 Carno-
1657 1616 1663 1623 '

135 1731 244 1803 tensis
256 1731 497 1819 manentium,
515 1732 562 1803 ita
575 1747 617 1803 ut
631 1759 651 1805 a
663 1729 774 1806 modo
786 1731 1045 1830 perpetualiter
1059 1731 1172 1829 ipsam
1186 1745 1346 1819 teneant,
1359 1743 1396 1802 et
1408 1754 1531 1802 secure

136 1853 173 1924 in
188 1878 226 1940 ca
240 1851 422 1943 edificent,
438 1852 572 1953 absque
581 1852 659 1927 ullo
669 1851 795 1929 debito
809 1868 845 1927 et
857 1852 1076 1946 redditione,
1092 1853 1249 1951 exceptis
1263 1850 1381 1926 tribus
1393 1850 1530 1943 solidis,

134 1999 226 2074 quos
250 1973 296 2048 dc
320 2001 429 2049 censu
456 1975 599 2048 solvant
621 1975 660 2048 in
682 1976 872 2048 nativitate
892 1976 1005 2047 sancti
1026 1973 1202 2050 Jolraunis
1225 1967 1396 2073 Baptistae
1417 2005 1426 2045 ι
1447 1975 1530 2047 etsi

134 2098 358 2196 negligentes
375 2125 418 2172 ex
437 2096 507 2173 hoc
523 2080 665 2171 fuerint
679 2092 843 2198 legaliter
858 2097 1052 2171 emendent
1068 2111 1104 2170 et
1122 2111 1256 2171 terram
1270 2097 1464 2171 retineant.
1483 2095 1534 2169 Ut

135 2232 255 2292 autem
273 2218 351 2291 haec
366 2219 518 2294 donatio
537 2219 641 2291 firma
665 2220 701 2291 in
723 2219 884 2292 seculum
901 2235 1128 2317 permaneat,
1152 2218 1245 2292 hauc
1262 2220 1437 2292 cartulam
1456 2246 1533 2292 ma-

137 2339 244 2415 nibus
260 2341 418 2441 propriis
435 2340 676 2443 firmavimus,
696 2356 732 2416 et
747 2342 856 2414 simul
868 2367 997 2417 omnes
1014 2343 1084 2415 mei
1102 2339 1266 2417 homiues
1282 2368 1324 2416 ex
1343 2341 1412 2416 hoc
1429 2359 1534 2418 testes

137 2465 342 2539 existentes.
373 2467 488 2560 Quam
513 2464 806 2539 donationem‘si
831 2465 912 2565 quis
937 2464 1065 2539 falsare
1086 2465 1268 2555 voluerit,
1297 2460 1431 2539 libram
1457 2467 1533 2540 auri

138 2603 350 2688 componat,
361 2603 410 2678 et,
422 2589 492 2661 nisi
505 2588 711 2688 resipuerit,
724 2587 937 2688 dampnatus
947 2605 1081 2687 pereat.
1098 2589 1136 2661 S.
1148 2588 1340 2679 Rodberti,
1352 2588 1535 2690 largitoris

139 2709 245 2809 hujus
254 2709 356 2786 doni.
371 2710 409 2784 S.
422 2709 594 2784 Adelivae.
608 2709 850 2786 SVVillelmi
860 2710 905 2785 de
913 2710 1066 2784 Plancis.
1080 2711 1118 2783 S.
1130 2711 1296 2805 Ernaldi,
1309 2711 1533 2812 filiiAusgui.

108 2832 176 2906 ‘S.
197 2831 341 2907 Osberti
357 2832 402 2906 de
418 2832 584 2933 Orgulio.
603 2834 645 2906 S.
662 2832 867 2926 Lancelini,
886 2833 950 2908 filii
967 2833 1176 2910 VVillelmi.
1196 2834 1234 2908 S.
1255 2834 1450 2925 llodberti,
1470 2835 1535 2909 lilii
1632 2905 1633 2909 ,

139 2955 303 3028 Aszonis.
331 2956 368 3028 S.
388 2954 575 3047 Fulberti,
606 2955 671 3029 filii
698 2958 904 3030 Bertranni.
934 2958 972 3030 S.
995 2957 1193 3051 Hubelini,
1219 2957 1377 3034 hominis
1403 2960 1534 3034 nostri.

121 3060 181 3150 S.
195 3076 386 3170 Herberti‘,
404 3077 527 3153 fratris
544 3078 680 3154 Morini
698 3078 743 3153 de
759 3078 880 3152 Curba
896 3078 1004 3155 Villa.
1027 3110 1046 3149 n
1268 3069 1274 3080 .

539 3336 915 3430 CAPITULUM
949 3339 1133 3428 XXIll.

590 3613 613 3653 ·..·
653 3586 698 3648 De
711 3587 838 3648 aecclesia
853 3587 1036 3648 Plancarum.

195 3826 265 3898 aln
279 3824 430 3901 nomine
445 3837 578 3898 sanctae
591 3839 628 3899 et
638 3820 835 3900 individuae
846 3819 1053 3918 Trinitatis,
1067 3821 1183 3930 Patris
1197 3837 1234 3896 et
1244 3822 1326 3897 Filii
1337 3841 1374 3897 et
1387 3825 1543 3925 Spiritus
1569 3858 1632 3908 an.
1642 3874 1663 3904 .,
1679 3854 1749 3904 toea.

143 3948 286 4038 Sancti,
305 3972 424 4020 amen.
447 3946 712 4023 Universorum
727 3942 898 4023 conditor
914 3947 1096 4021 Dominus
1111 3945 1238 4020 Jhesus
1253 3932 1437 4038 Christus,
1457 3951 1541 4050 quia

144 4069 222 4146 Deo
233 4086 334 4171 patre
344 4071 472 4143 missus
484 4071 523 4142 in
535 4068 715 4144 mundum
726 4086 768 4144 ut
778 4096 861 4173 quae
871 4071 1011 4171 perdita
1023 4064 1127 4144 erint
1136 4060 1403 4145 restauraret'et
1411 4089 1545 4146 restau-

145 4207 224 4266 rata
238 4187 481 4284 conservaret,
498 4193 624 4266 vivens
638 4193 844 4268 incarnatus
860 4221 903 4268 ex
919 4217 1062 4293 semper
1075 4191 1219 4291 virgine
1235 4193 1348 4266 Maria
1366 4192 1404 4265 in
1421 4192 1541 4284 nobis,

145 4315 271 4390 docuit
291 4337 359 4410 nos
382 4339 421 4387 ea
443 4340 526 4415 quae
550 4315 593 4387 ad
616 4317 811 4392 utilitatem
836 4318 1039 4392 animarum
1071 4331 1280 4389 nostrarum
1304 4313 1430 4390 forent
1454 4302 1545 4417 pro-¹

146 4435 251 4512 ficua.
278 4438 380 4510 luter
406 4463 489 4537 quae
516 4440 662 4513 monuit
688 4467 755 4515 nos
776 4439 861 4514 darc
884 4465 953 4540 pro
977 4466 1013 4513 se
1040 4465 1083 4512 ex
1110 4437 1274 4540 hisquae
1301 4439 1542 4537 possidemus,

147 4560 319 4662 quatinus
348 4559 588 4659 centuplicata
616 4561 655 4634 in
684 4562 810 4638 futuro
835 4564 1060 4660 recipiamus.
1088 4560 1228 4636 Deinde
1253 4587 1318 4663 per
1340 4561 1545 4662 apostolum

148 4710 275 4772 suum,
295 4687 391 4787 inter
411 4683 498 4775 alia,
518 4703 645 4760 monet
663 4689 835 4788 quatinus
849 4714 995 4765 oremus
1011 4713 1081 4788 pro
1099 4686 1274 4776 invicem,
1292 4700 1335 4759 ut
1352 4685 1543 4760 salvemur.

148 4805 211 4879 llis
235 4805 384 4907 aliisque
405 4807 682 4910 quamplurimis
704 4811 799 4912 pulsi
824 4810 1068 4901 suasionibus,
1095 4836 1136 4883 ac
1160 4809 1292 4882 moniti
1316 4806 1547 4884 allocutioni·

147 4925 239 5019 bus,
265 4953 333 5028 ego
359 4927 613 5007 Guidmuauus
637 4951 675 5008 et
699 4960 777 5010 mea
805 4961 898 5011 uxor
922 4935 1073 5026 Emma,
1103 4958 1187 5007 cum
1211 4946 1334 5007 nostra
1357 4932 1481 5031 prole,
1505 4950 1547 5007 ut
