<?xml version="1.0" encoding="UTF-8"?>
<!DOCTYPE html PUBLIC "-//W3C//DTD XHTML 1.0 Transitional//EN"
    "http://www.w3.org/TR/xhtml1/DTD/xhtml1-transitional.dtd">
<html xmlns="http://www.w3.org/1999/xhtml" xml:lang="en" lang="en">
 <head>
  <title>
</title>
<meta http-equiv="Content-Type" content="text/html;charset=utf-8" />
  <meta name='ocr-system' content='tesseract 3.04.00' />
  <meta name='ocr-capabilities' content='ocr_page ocr_carea ocr_par ocr_line ocrx_word'/>
</head>
<body>
  <div class='ocr_page' id='page_1' title='image "./cartulairedelab00abbegoog_0615.png"; bbox 0 0 4462 6120; ppageno 0'>
   <div class='ocr_carea' id='block_1_1' title="bbox 740 728 1711 827">
    <p class='ocr_par' dir='ltr' id='par_1_1' title="bbox 740 728 1711 827">
     <span class='ocr_line' id='line_1_1' title="bbox 740 728 1711 827; baseline -0.006 -3"><span class='ocrx_word' id='word_1_1' title='bbox 740 728 1300 827; x_wconf 79' lang='lat' dir='ltr'><strong>srmutcaar&#39;rormsrs.</strong></span> <span class='ocrx_word' id='word_1_2' title='bbox 1641 750 1711 818; x_wconf 79' lang='lat' dir='ltr'><strong>aar</strong></span> 
     </span>
    </p>
   </div>
   <div class='ocr_carea' id='block_1_2' title="bbox 325 891 1713 1239">
    <p class='ocr_par' dir='ltr' id='par_1_2' title="bbox 325 891 1713 1239">
     <span class='ocr_line' id='line_1_2' title="bbox 325 891 1712 992; baseline -0.004 -23"><span class='ocrx_word' id='word_1_3' title='bbox 325 897 452 986; x_wconf 89' lang='lat' dir='ltr'><strong>biteri;</strong></span> <span class='ocrx_word' id='word_1_4' title='bbox 480 896 669 973; x_wconf 91' lang='lat' dir='ltr'><strong>Corbellus</strong></span> <span class='ocrx_word' id='word_1_5' title='bbox 695 913 732 971; x_wconf 88' lang='lat' dir='ltr'><strong>et</strong></span> <span class='ocrx_word' id='word_1_6' title='bbox 754 897 947 984; x_wconf 92' lang='lat' dir='ltr'><strong>Beroldus,</strong></span> <span class='ocrx_word' id='word_1_7' title='bbox 976 895 1070 967; x_wconf 86' lang='lat' dir='ltr'><strong>filius</strong></span> <span class='ocrx_word' id='word_1_8' title='bbox 1096 898 1190 992; x_wconf 82' lang='lat' dir='ltr'><strong>ejus3</strong></span> <span class='ocrx_word' id='word_1_9' title='bbox 1215 892 1402 966; x_wconf 87' lang='lat' dir='ltr'><strong>Richerius</strong></span> <span class='ocrx_word' id='word_1_10' title='bbox 1426 910 1462 965; x_wconf 90' lang='lat' dir='ltr'><strong>et</strong></span> <span class='ocrx_word' id='word_1_11' title='bbox 1487 891 1712 978; x_wconf 89' lang='lat' dir='ltr'><strong>Gualterius,</strong></span> 
     </span>
     <span class='ocr_line' id='line_1_3' title="bbox 326 1013 1713 1118; baseline -0.004 -28"><span class='ocrx_word' id='word_1_12' title='bbox 326 1024 492 1118; x_wconf 82' lang='lat' dir='ltr'><strong>maj0res3</strong></span> <span class='ocrx_word' id='word_1_13' title='bbox 512 1019 750 1108; x_wconf 82' lang='lat' dir='ltr'><strong>Fulchardus,</strong></span> <span class='ocrx_word' id='word_1_14' title='bbox 773 1018 1004 1106; x_wconf 79' lang='lat' dir='ltr'><strong>Gunbaldus,</strong></span> <span class='ocrx_word' id='word_1_15' title='bbox 1025 1017 1260 1109; x_wconf 71' lang='lat' dir='ltr'><strong>laurentius,</strong></span> <span class='ocrx_word' id='word_1_16' title='bbox 1279 1013 1483 1089; x_wconf 84' lang='lat' dir='ltr'><strong>Rodhertus</strong></span> <span class='ocrx_word' id='word_1_17' title='bbox 1500 1013 1544 1087; x_wconf 88' lang='lat' dir='ltr'><strong>de</strong></span> <span class='ocrx_word' id='word_1_18' title='bbox 1560 1015 1713 1103; x_wconf 86' lang='lat' dir='ltr'><strong>Jesiaco,</strong></span> 
     </span>
     <span class='ocr_line' id='line_1_4' title="bbox 326 1136 1713 1239; baseline -0.008 -26"><span class='ocrx_word' id='word_1_19' title='bbox 326 1141 561 1235; x_wconf 83' lang='lat' dir='ltr'><strong>Raimundus,</strong></span> <span class='ocrx_word' id='word_1_20' title='bbox 575 1140 757 1217; x_wconf 81' lang='lat' dir='ltr'><strong>dohannes</strong></span> <span class='ocrx_word' id='word_1_21' title='bbox 768 1142 972 1228; x_wconf 89' lang='lat' dir='ltr'><strong>Brustinus,</strong></span> <span class='ocrx_word' id='word_1_22' title='bbox 989 1139 1239 1239; x_wconf 76' lang='lat' dir='ltr'><strong>leodegarius,</strong></span> <span class='ocrx_word' id='word_1_23' title='bbox 1256 1137 1427 1211; x_wconf 89' lang='lat' dir='ltr'><strong>Odelinus</strong></span> <span class='ocrx_word' id='word_1_24' title='bbox 1440 1154 1476 1211; x_wconf 92' lang='lat' dir='ltr'><strong>et</strong></span> <span class='ocrx_word' id='word_1_25' title='bbox 1487 1136 1680 1211; x_wconf 84' lang='lat' dir='ltr'><strong>Guarinus.</strong></span> <span class='ocrx_word' id='word_1_26' title='bbox 1696 1166 1713 1202; x_wconf 76' lang='lat' dir='ltr'><strong>u</strong></span> 
     </span>
    </p>
   </div>
   <div class='ocr_carea' id='block_1_3' title="bbox 789 1374 1248 1499">
    <p class='ocr_par' dir='ltr' id='par_1_3' title="bbox 789 1374 1248 1499">
     <span class='ocr_line' id='line_1_5' title="bbox 789 1374 1248 1499; baseline -0.017 -33"><span class='ocrx_word' id='word_1_27' title='bbox 789 1375 1155 1499; x_wconf 75' lang='lat' dir='ltr'><strong>uarrruuuu</strong></span> <span class='ocrx_word' id='word_1_28' title='bbox 1192 1374 1248 1460; x_wconf 86' lang='lat' dir='ltr'><strong>v.</strong></span> 
     </span>
    </p>
   </div>
   <div class='ocr_carea' id='block_1_4' title="bbox 679 1597 1345 1681">
    <p class='ocr_par' dir='ltr' id='par_1_4' title="bbox 679 1597 1345 1681">
     <span class='ocr_line' id='line_1_6' title="bbox 679 1597 1345 1681; baseline -0.012 -19"><span class='ocrx_word' id='word_1_29' title='bbox 679 1602 844 1680; x_wconf 67' lang='lat' dir='ltr'><strong>⁴Gumpmu</strong></span> <span class='ocrx_word' id='word_1_30' title='bbox 859 1599 896 1658; x_wconf 89' lang='lat' dir='ltr'><strong>de</strong></span> <span class='ocrx_word' id='word_1_31' title='bbox 904 1597 1117 1660; x_wconf 75' lang='lat' dir='ltr'><strong>:eonsuetudiue</strong></span> <span class='ocrx_word' id='word_1_32' title='bbox 1132 1598 1188 1658; x_wconf 85' lang='lat' dir='ltr'><strong>eibi</strong></span> <span class='ocrx_word' id='word_1_33' title='bbox 1202 1599 1345 1681; x_wconf 81' lang='lat' dir='ltr'><strong>Hugouis.</strong></span> 
     </span>
    </p>
   </div>
   <div class='ocr_carea' id='block_1_5' title="bbox 275 1800 1918 4830">
    <p class='ocr_par' dir='ltr' id='par_1_5' title="bbox 322 1800 1918 3121">
     <span class='ocr_line' id='line_1_7' title="bbox 377 1800 1918 1905; baseline 0.003 -32"><span class='ocrx_word' id='word_1_34' title='bbox 377 1835 394 1905; x_wconf 77' lang='lat' dir='ltr'><strong>u</strong></span> <span class='ocrx_word' id='word_1_35' title='bbox 407 1804 546 1902; x_wconf 85' lang='lat' dir='ltr'><strong>lquus</strong></span> <span class='ocrx_word' id='word_1_36' title='bbox 559 1805 707 1879; x_wconf 87' lang='lat' dir='ltr'><strong>nomine</strong></span> <span class='ocrx_word' id='word_1_37' title='bbox 719 1828 905 1903; x_wconf 88' lang='lat' dir='ltr'><strong>perquem</strong></span> <span class='ocrx_word' id='word_1_38' title='bbox 917 1818 1047 1885; x_wconf 78' lang='lat' dir='ltr'><strong>cuncta</strong></span> <span class='ocrx_word' id='word_1_39' title='bbox 1059 1816 1143 1877; x_wconf 90' lang='lat' dir='ltr'><strong>sunt</strong></span> <span class='ocrx_word' id='word_1_40' title='bbox 1154 1802 1268 1875; x_wconf 83' lang='lat' dir='ltr'><strong>secula</strong></span> <span class='ocrx_word' id='word_1_41' title='bbox 1283 1815 1412 1876; x_wconf 84' lang='lat' dir='ltr'><strong>creata.</strong></span> <span class='ocrx_word' id='word_1_42' title='bbox 1426 1800 1575 1873; x_wconf 86' lang='lat' dir='ltr'><strong>Cunctis</strong></span> <span class='ocrx_word' id='word_1_43' title='bbox 1586 1813 1718 1878; x_wconf 81' lang='lat' dir='ltr'><strong>sanctae</strong></span> <span class='ocrx_word' id='word_1_44' title='bbox 1743 1812 1836 1860; x_wconf 61' lang='lat' dir='ltr'><strong>Arm·</strong></span> <span class='ocrx_word' id='word_1_45' title='bbox 1851 1809 1918 1858; x_wconf 82' lang='lat'>¹¹⁰²·</span> 
     </span>
     <span class='ocr_line' id='line_1_8' title="bbox 327 1920 1719 2024; baseline -0.006 -23"><span class='ocrx_word' id='word_1_46' title='bbox 327 1925 389 2024; x_wconf 79' lang='lat' dir='ltr'><strong>Dei</strong></span> <span class='ocrx_word' id='word_1_47' title='bbox 405 1925 575 1999; x_wconf 70' lang='lat' dir='ltr'><strong>aeclesiae</strong></span> <span class='ocrx_word' id='word_1_48' title='bbox 590 1923 792 1999; x_wconf 87' lang='lat' dir='ltr'><strong>cultoribus</strong></span> <span class='ocrx_word' id='word_1_49' title='bbox 808 1939 941 1999; x_wconf 89' lang='lat' dir='ltr'><strong>notum</strong></span> <span class='ocrx_word' id='word_1_50' title='bbox 957 1949 1029 1999; x_wconf 90' lang='lat' dir='ltr'><strong>esse</strong></span> <span class='ocrx_word' id='word_1_51' title='bbox 1046 1924 1231 2015; x_wconf 74' lang='lat' dir='ltr'><strong>votunus,</strong></span> <span class='ocrx_word' id='word_1_52' title='bbox 1250 1949 1316 2023; x_wconf 76' lang='lat' dir='ltr'><strong>ego</strong></span> <span class='ocrx_word' id='word_1_53' title='bbox 1333 1920 1544 1997; x_wconf 83' lang='lat' dir='ltr'><strong>Eustachius</strong></span> <span class='ocrx_word' id='word_1_54' title='bbox 1559 1920 1668 1996; x_wconf 84' lang='lat' dir='ltr'><strong>abbas</strong></span> <span class='ocrx_word' id='word_1_55' title='bbox 1683 1935 1719 1994; x_wconf 88' lang='lat' dir='ltr'><strong>et</strong></span> 
     </span>
     <span class='ocr_line' id='line_1_9' title="bbox 326 2045 1717 2149; baseline -0.007 -22"><span class='ocrx_word' id='word_1_56' title='bbox 326 2048 446 2129; x_wconf 70' lang='lat' dir='ltr'><strong>omnis</strong></span> <span class='ocrx_word' id='word_1_57' title='bbox 455 2047 610 2125; x_wconf 72' lang='lat' dir='ltr'><strong>fratrum</strong></span> <span class='ocrx_word' id='word_1_58' title='bbox 619 2049 852 2149; x_wconf 80' lang='lat' dir='ltr'><strong>congregatio</strong></span> <span class='ocrx_word' id='word_1_59' title='bbox 866 2048 978 2143; x_wconf 85' lang='lat' dir='ltr'><strong>saneti</strong></span> <span class='ocrx_word' id='word_1_60' title='bbox 990 2049 1087 2121; x_wconf 83' lang='lat' dir='ltr'><strong>Petri</strong></span> <span class='ocrx_word' id='word_1_61' title='bbox 1099 2046 1262 2124; x_wconf 83' lang='lat' dir='ltr'><strong>coenobii</strong></span> <span class='ocrx_word' id='word_1_62' title='bbox 1274 2045 1516 2134; x_wconf 73' lang='lat' dir='ltr'><strong>carnotensis,</strong></span> <span class='ocrx_word' id='word_1_63' title='bbox 1529 2045 1717 2145; x_wconf 83' lang='lat' dir='ltr'><strong>quoniam,</strong></span> 
     </span>
     <span class='ocr_line' id='line_1_10' title="bbox 323 2163 1717 2270; baseline 0.001 -31"><span class='ocrx_word' id='word_1_64' title='bbox 323 2185 484 2269; x_wconf 81' lang='lat' dir='ltr'><strong>tempore</strong></span> <span class='ocrx_word' id='word_1_65' title='bbox 499 2169 647 2270; x_wconf 81' lang='lat' dir='ltr'><strong>quidem</strong></span> <span class='ocrx_word' id='word_1_66' title='bbox 660 2168 812 2246; x_wconf 85' lang='lat' dir='ltr'><strong>Huberti</strong></span> <span class='ocrx_word' id='word_1_67' title='bbox 828 2168 979 2258; x_wconf 86' lang='lat' dir='ltr'><strong>abbatis,</strong></span> <span class='ocrx_word' id='word_1_68' title='bbox 998 2167 1208 2245; x_wconf 84' lang='lat' dir='ltr'><strong>Gaussridus</strong></span> <span class='ocrx_word' id='word_1_69' title='bbox 1222 2168 1348 2268; x_wconf 82' lang='lat' dir='ltr'><strong>Niger,</strong></span> <span class='ocrx_word' id='word_1_70' title='bbox 1365 2183 1490 2246; x_wconf 82' lang='lat' dir='ltr'><strong>noster</strong></span> <span class='ocrx_word' id='word_1_71' title='bbox 1506 2163 1717 2254; x_wconf 88' lang='lat' dir='ltr'><strong>monachus,</strong></span> 
     </span>
     <span class='ocr_line' id='line_1_11' title="bbox 322 2289 1720 2393; baseline -0.004 -28"><span class='ocrx_word' id='word_1_72' title='bbox 322 2289 365 2365; x_wconf 91' lang='lat' dir='ltr'><strong>de</strong></span> <span class='ocrx_word' id='word_1_73' title='bbox 386 2298 547 2381; x_wconf 74' lang='lat' dir='ltr'><strong>Hermo,</strong></span> <span class='ocrx_word' id='word_1_74' title='bbox 570 2292 684 2367; x_wconf 80' lang='lat' dir='ltr'><strong>fratre</strong></span> <span class='ocrx_word' id='word_1_75' title='bbox 706 2294 890 2393; x_wconf 76' lang='lat' dir='ltr'><strong>Hugonis,</strong></span> <span class='ocrx_word' id='word_1_76' title='bbox 919 2293 1008 2369; x_wconf 83' lang='lat' dir='ltr'><strong>emit</strong></span> <span class='ocrx_word' id='word_1_77' title='bbox 1029 2293 1200 2367; x_wconf 79' lang='lat' dir='ltr'><strong>vicariam</strong></span> <span class='ocrx_word' id='word_1_78' title='bbox 1225 2290 1269 2369; x_wconf 88' lang='lat' dir='ltr'><strong>de</strong></span> <span class='ocrx_word' id='word_1_79' title='bbox 1290 2291 1454 2368; x_wconf 88' lang='lat' dir='ltr'><strong>Mittanis</strong></span> <span class='ocrx_word' id='word_1_80' title='bbox 1476 2289 1631 2377; x_wconf 88' lang='lat' dir='ltr'><strong>Villare,</strong></span> <span class='ocrx_word' id='word_1_81' title='bbox 1654 2315 1720 2388; x_wconf 85' lang='lat' dir='ltr'><strong>per</strong></span> 
     </span>
     <span class='ocr_line' id='line_1_12' title="bbox 322 2412 1720 2515; baseline -0.002 -28"><span class='ocrx_word' id='word_1_82' title='bbox 322 2440 502 2489; x_wconf 83' lang='lat' dir='ltr'><strong>assensum</strong></span> <span class='ocrx_word' id='word_1_83' title='bbox 514 2413 694 2491; x_wconf 74' lang='lat' dir='ltr'><strong>Pulcherii</strong></span> <span class='ocrx_word' id='word_1_84' title='bbox 707 2416 921 2515; x_wconf 82' lang='lat' dir='ltr'><strong>primicerii,</strong></span> <span class='ocrx_word' id='word_1_85' title='bbox 934 2413 977 2487; x_wconf 91' lang='lat' dir='ltr'><strong>de</strong></span> <span class='ocrx_word' id='word_1_86' title='bbox 991 2418 1090 2514; x_wconf 88' lang='lat' dir='ltr'><strong>cujus</strong></span> <span class='ocrx_word' id='word_1_87' title='bbox 1099 2412 1278 2489; x_wconf 89' lang='lat' dir='ltr'><strong>beneficio</strong></span> <span class='ocrx_word' id='word_1_88' title='bbox 1288 2431 1364 2489; x_wconf 90' lang='lat' dir='ltr'><strong>erat</strong></span> <span class='ocrx_word' id='word_1_89' title='bbox 1374 2414 1447 2512; x_wconf 86' lang='lat' dir='ltr'><strong>ipsa</strong></span> <span class='ocrx_word' id='word_1_90' title='bbox 1458 2413 1600 2489; x_wconf 85' lang='lat' dir='ltr'><strong>vicaria.</strong></span> <span class='ocrx_word' id='word_1_91' title='bbox 1613 2412 1720 2485; x_wconf 84' lang='lat' dir='ltr'>Unde</span> 
     </span>
     <span class='ocr_line' id='line_1_13' title="bbox 323 2534 1720 2638; baseline 0.001 -32"><span class='ocrx_word' id='word_1_92' title='bbox 323 2537 396 2635; x_wconf 89' lang='lat' dir='ltr'><strong>ipse</strong></span> <span class='ocrx_word' id='word_1_93' title='bbox 420 2538 526 2638; x_wconf 75' lang='lat' dir='ltr'><strong>Hugo</strong></span> <span class='ocrx_word' id='word_1_94' title='bbox 552 2538 715 2638; x_wconf 85' lang='lat' dir='ltr'><strong>quinque</strong></span> <span class='ocrx_word' id='word_1_95' title='bbox 740 2537 872 2615; x_wconf 86' lang='lat' dir='ltr'><strong>solidos</strong></span> <span class='ocrx_word' id='word_1_96' title='bbox 899 2562 1136 2637; x_wconf 82' lang='lat' dir='ltr'><strong>nummorum</strong></span> <span class='ocrx_word' id='word_1_97' title='bbox 1160 2565 1229 2636; x_wconf 91' lang='lat' dir='ltr'><strong>pro</strong></span> <span class='ocrx_word' id='word_1_98' title='bbox 1256 2564 1400 2611; x_wconf 87' lang='lat' dir='ltr'><strong>assensu</strong></span> <span class='ocrx_word' id='word_1_99' title='bbox 1421 2534 1562 2619; x_wconf 84' lang='lat' dir='ltr'><strong>babuit.</strong></span> <span class='ocrx_word' id='word_1_100' title='bbox 1588 2534 1720 2612; x_wconf 85' lang='lat' dir='ltr'><strong>Nostra</strong></span> 
     </span>
     <span class='ocr_line' id='line_1_14' title="bbox 322 2656 1719 2758; baseline 0.001 -29"><span class='ocrx_word' id='word_1_101' title='bbox 322 2675 442 2755; x_wconf 84' lang='lat' dir='ltr'><strong>autem</strong></span> <span class='ocrx_word' id='word_1_102' title='bbox 455 2673 665 2758; x_wconf 75' lang='lat' dir='ltr'><strong>tempestate</strong></span> <span class='ocrx_word' id='word_1_103' title='bbox 676 2658 813 2732; x_wconf 91' lang='lat' dir='ltr'><strong>addidit</strong></span> <span class='ocrx_word' id='word_1_104' title='bbox 821 2658 889 2731; x_wconf 88' lang='lat' dir='ltr'><strong>sibi</strong></span> <span class='ocrx_word' id='word_1_105' title='bbox 902 2685 975 2736; x_wconf 87' lang='lat' dir='ltr'><strong>esse</strong></span> <span class='ocrx_word' id='word_1_106' title='bbox 988 2659 1108 2733; x_wconf 80' lang='lat' dir='ltr'><strong>datam</strong></span> <span class='ocrx_word' id='word_1_107' title='bbox 1122 2658 1213 2735; x_wconf 88' lang='lat' dir='ltr'><strong>hanc</strong></span> <span class='ocrx_word' id='word_1_108' title='bbox 1227 2657 1540 2747; x_wconf 78' lang='lat' dir='ltr'><strong>consuetudinem,</strong></span> <span class='ocrx_word' id='word_1_109' title='bbox 1558 2673 1616 2745; x_wconf 89' lang='lat' dir='ltr'><strong>ut,</strong></span> <span class='ocrx_word' id='word_1_110' title='bbox 1631 2656 1719 2731; x_wconf 89' lang='lat' dir='ltr'><strong>dum</strong></span> 
     </span>
     <span class='ocr_line' id='line_1_15' title="bbox 323 2777 1719 2882; baseline 0.001 -31"><span class='ocrx_word' id='word_1_111' title='bbox 323 2783 465 2855; x_wconf 82' lang='lat' dir='ltr'><strong>veniret</strong></span> <span class='ocrx_word' id='word_1_112' title='bbox 481 2779 525 2854; x_wconf 90' lang='lat' dir='ltr'><strong>ad</strong></span> <span class='ocrx_word' id='word_1_113' title='bbox 541 2782 821 2870; x_wconf 82' lang='lat' dir='ltr'><strong>monasterium,</strong></span> <span class='ocrx_word' id='word_1_114' title='bbox 843 2778 978 2857; x_wconf 82' lang='lat' dir='ltr'><strong>habens</strong></span> <span class='ocrx_word' id='word_1_115' title='bbox 995 2807 1116 2856; x_wconf 81' lang='lat' dir='ltr'><strong>secum</strong></span> <span class='ocrx_word' id='word_1_116' title='bbox 1133 2808 1193 2862; x_wconf 81' lang='lat' dir='ltr'><strong>sex</strong></span> <span class='ocrx_word' id='word_1_117' title='bbox 1210 2800 1273 2857; x_wconf 90' lang='lat' dir='ltr'><strong>aut</strong></span> <span class='ocrx_word' id='word_1_118' title='bbox 1288 2796 1447 2882; x_wconf 88' lang='lat' dir='ltr'><strong>quatuor</strong></span> <span class='ocrx_word' id='word_1_119' title='bbox 1461 2780 1614 2869; x_wconf 88' lang='lat' dir='ltr'><strong>milites,</strong></span> <span class='ocrx_word' id='word_1_120' title='bbox 1634 2777 1719 2853; x_wconf 89' lang='lat' dir='ltr'><strong>dan·</strong></span> 
     </span>
     <span class='ocr_line' id='line_1_16' title="bbox 323 2901 1720 3003; baseline -0.001 -28"><span class='ocrx_word' id='word_1_121' title='bbox 323 2901 412 2975; x_wconf 91' lang='lat' dir='ltr'><strong>dum</strong></span> <span class='ocrx_word' id='word_1_122' title='bbox 433 2903 464 2975; x_wconf 91' lang='lat' dir='ltr'><strong>ei</strong></span> <span class='ocrx_word' id='word_1_123' title='bbox 484 2917 656 2975; x_wconf 83' lang='lat' dir='ltr'><strong>consuete</strong></span> <span class='ocrx_word' id='word_1_124' title='bbox 678 2928 828 2999; x_wconf 89' lang='lat' dir='ltr'><strong>panem,</strong></span> <span class='ocrx_word' id='word_1_125' title='bbox 857 2904 1006 2990; x_wconf 85' lang='lat' dir='ltr'><strong>vinum,</strong></span> <span class='ocrx_word' id='word_1_126' title='bbox 1029 2929 1174 2975; x_wconf 88' lang='lat' dir='ltr'><strong>caruem</strong></span> <span class='ocrx_word' id='word_1_127' title='bbox 1195 2904 1425 2993; x_wconf 84' lang='lat' dir='ltr'><strong>sufficienter,</strong></span> <span class='ocrx_word' id='word_1_128' title='bbox 1446 2903 1551 3003; x_wconf 80' lang='lat' dir='ltr'><strong>equis</strong></span> <span class='ocrx_word' id='word_1_129' title='bbox 1574 2918 1720 3001; x_wconf 78' lang='lat' dir='ltr'><strong>quoque</strong></span> 
     </span>
     <span class='ocr_line' id='line_1_17' title="bbox 324 3020 1722 3121; baseline 0 -24"><span class='ocrx_word' id='word_1_130' title='bbox 324 3024 395 3097; x_wconf 85' lang='lat' dir='ltr'><strong>suis</strong></span> <span class='ocrx_word' id='word_1_131' title='bbox 406 3020 533 3098; x_wconf 86' lang='lat' dir='ltr'><strong>itidem</strong></span> <span class='ocrx_word' id='word_1_132' title='bbox 546 3023 719 3095; x_wconf 84' lang='lat' dir='ltr'><strong>advenam</strong></span> <span class='ocrx_word' id='word_1_133' title='bbox 731 3023 922 3106; x_wconf 72' lang='lat' dir='ltr'><strong>otuinum.</strong></span> <span class='ocrx_word' id='word_1_134' title='bbox 942 3023 1068 3120; x_wconf 89' lang='lat' dir='ltr'><strong>Cujus¹</strong></span> <span class='ocrx_word' id='word_1_135' title='bbox 1086 3024 1391 3121; x_wconf 81' lang='lat' dir='ltr'><strong>inportunitatem</strong></span> <span class='ocrx_word' id='word_1_136' title='bbox 1405 3023 1573 3097; x_wconf 82' lang='lat' dir='ltr'><strong>conferre</strong></span> <span class='ocrx_word' id='word_1_137' title='bbox 1586 3024 1722 3097; x_wconf 88' lang='lat' dir='ltr'><strong>noluis-</strong></span> 
     </span>
    </p>

    <p class='ocr_par' dir='ltr' id='par_1_6' title="bbox 275 3142 1808 4830">
     <span class='ocr_line' id='line_1_18' title="bbox 275 3142 1721 3246; baseline -0.003 -27"><span class='ocrx_word' id='word_1_138' title='bbox 275 3154 277 3158; x_wconf 67' lang='grc'><em>”</em></span> <span class='ocrx_word' id='word_1_139' title='bbox 325 3170 462 3235; x_wconf 91' lang='lat' dir='ltr'><strong>semus,</strong></span> <span class='ocrx_word' id='word_1_140' title='bbox 492 3159 529 3216; x_wconf 87' lang='lat' dir='ltr'><strong>et</strong></span> <span class='ocrx_word' id='word_1_141' title='bbox 557 3143 589 3216; x_wconf 88' lang='lat' dir='ltr'><strong>ei</strong></span> <span class='ocrx_word' id='word_1_142' title='bbox 616 3142 914 3217; x_wconf 80' lang='lat' dir='ltr'><strong>consuetudinem</strong></span> <span class='ocrx_word' id='word_1_143' title='bbox 939 3168 1051 3242; x_wconf 86' lang='lat' dir='ltr'><strong>quam</strong></span> <span class='ocrx_word' id='word_1_144' title='bbox 1081 3142 1289 3243; x_wconf 84' lang='lat' dir='ltr'><strong>requirebat</strong></span> <span class='ocrx_word' id='word_1_145' title='bbox 1322 3171 1553 3246; x_wconf 84' lang='lat' dir='ltr'><strong>negaremus,</strong></span> <span class='ocrx_word' id='word_1_146' title='bbox 1586 3147 1721 3221; x_wconf 88' lang='lat' dir='ltr'><strong>assinos</strong></span> 
     </span>
     <span class='ocr_line' id='line_1_19' title="bbox 325 3262 1722 3365; baseline -0.001 -23"><span class='ocrx_word' id='word_1_147' title='bbox 325 3282 493 3356; x_wconf 86' lang='lat' dir='ltr'><strong>nostros,</strong></span> <span class='ocrx_word' id='word_1_148' title='bbox 523 3265 727 3364; x_wconf 82' lang='lat' dir='ltr'><strong>exploratos</strong></span> <span class='ocrx_word' id='word_1_149' title='bbox 755 3262 909 3365; x_wconf 86' lang='lat' dir='ltr'><strong>quadam</strong></span> <span class='ocrx_word' id='word_1_150' title='bbox 933 3264 1033 3355; x_wconf 75' lang='lat' dir='ltr'><strong>viee,</strong></span> <span class='ocrx_word' id='word_1_151' title='bbox 1062 3263 1168 3353; x_wconf 72' lang='lat' dir='ltr'><strong>tulit,</strong></span> <span class='ocrx_word' id='word_1_152' title='bbox 1195 3290 1265 3363; x_wconf 86' lang='lat' dir='ltr'><strong>pro</strong></span> <span class='ocrx_word' id='word_1_153' title='bbox 1290 3291 1449 3365; x_wconf 90' lang='lat' dir='ltr'><strong>quorum</strong></span> <span class='ocrx_word' id='word_1_154' title='bbox 1473 3263 1722 3364; x_wconf 84' lang='lat' dir='ltr'><strong>redemptione</strong></span> 
     </span>
     <span class='ocr_line' id='line_1_20' title="bbox 326 3371 1720 3487; baseline 0.001 -26"><span class='ocrx_word' id='word_1_155' title='bbox 326 3387 442 3465; x_wconf 82' lang='lat' dir='ltr'><strong>XXX</strong></span> <span class='ocrx_word' id='word_1_156' title='bbox 460 3371 621 3462; x_wconf 87' lang='lat' dir='ltr'><strong>dedimus</strong></span> <span class='ocrx_word' id='word_1_157' title='bbox 639 3384 785 3461; x_wconf 89' lang='lat' dir='ltr'><strong>solidos.</strong></span> <span class='ocrx_word' id='word_1_158' title='bbox 808 3386 988 3472; x_wconf 84' lang='lat' dir='ltr'><strong>Rursum,</strong></span> <span class='ocrx_word' id='word_1_159' title='bbox 1008 3383 1116 3462; x_wconf 86' lang='lat' dir='ltr'><strong>altera</strong></span> <span class='ocrx_word' id='word_1_160' title='bbox 1135 3385 1230 3475; x_wconf 88' lang='lat' dir='ltr'><strong>vice,</strong></span> <span class='ocrx_word' id='word_1_161' title='bbox 1250 3411 1310 3459; x_wconf 90' lang='lat' dir='ltr'><strong>eos</strong></span> <span class='ocrx_word' id='word_1_162' title='bbox 1329 3385 1413 3458; x_wconf 90' lang='lat' dir='ltr'><strong>tulit</strong></span> <span class='ocrx_word' id='word_1_163' title='bbox 1420 3415 1432 3476; x_wconf 66' lang='grc' dir='ltr'><strong><em>ς</em></strong></span> <span class='ocrx_word' id='word_1_164' title='bbox 1452 3386 1511 3461; x_wconf 90' lang='lat' dir='ltr'><strong>sed</strong></span> <span class='ocrx_word' id='word_1_165' title='bbox 1527 3415 1593 3487; x_wconf 88' lang='lat' dir='ltr'><strong>per</strong></span> <span class='ocrx_word' id='word_1_166' title='bbox 1610 3387 1720 3467; x_wconf 80' lang='lat' dir='ltr'>vvil-</span> 
     </span>
     <span class='ocr_line' id='line_1_21' title="bbox 327 3504 1724 3609; baseline 0.002 -32"><span class='ocrx_word' id='word_1_167' title='bbox 327 3505 488 3595; x_wconf 88' lang='lat' dir='ltr'><strong>lelmum,</strong></span> <span class='ocrx_word' id='word_1_168' title='bbox 504 3507 741 3605; x_wconf 84' lang='lat' dir='ltr'><strong>praepositum</strong></span> <span class='ocrx_word' id='word_1_169' title='bbox 755 3506 911 3595; x_wconf 88' lang='lat' dir='ltr'><strong>comitis,</strong></span> <span class='ocrx_word' id='word_1_170' title='bbox 931 3507 1067 3580; x_wconf 86' lang='lat' dir='ltr'><strong>invitus</strong></span> <span class='ocrx_word' id='word_1_171' title='bbox 1080 3504 1250 3580; x_wconf 84' lang='lat' dir='ltr'><strong>reddidit.</strong></span> <span class='ocrx_word' id='word_1_172' title='bbox 1271 3509 1376 3580; x_wconf 85' lang='lat' dir='ltr'><strong>Tunc</strong></span> <span class='ocrx_word' id='word_1_173' title='bbox 1389 3506 1545 3608; x_wconf 85' lang='lat' dir='ltr'><strong>denique</strong></span> <span class='ocrx_word' id='word_1_174' title='bbox 1561 3536 1627 3609; x_wconf 86' lang='lat' dir='ltr'><strong>per</strong></span> <span class='ocrx_word' id='word_1_175' title='bbox 1639 3511 1724 3583; x_wconf 86' lang='lat' dir='ltr'><strong>Ber·</strong></span> 
     </span>
     <span class='ocr_line' id='line_1_22' title="bbox 327 3628 1723 3728; baseline 0.001 -28"><span class='ocrx_word' id='word_1_176' title='bbox 327 3646 400 3700; x_wconf 90' lang='lat' dir='ltr'><strong>tam</strong></span> <span class='ocrx_word' id='word_1_177' title='bbox 420 3630 637 3702; x_wconf 88' lang='lat' dir='ltr'><strong>comitissam</strong></span> <span class='ocrx_word' id='word_1_178' title='bbox 656 3646 691 3702; x_wconf 89' lang='lat' dir='ltr'><strong>et</strong></span> <span class='ocrx_word' id='word_1_179' title='bbox 711 3628 905 3727; x_wconf 80' lang='lat' dir='ltr'><strong>praefatum</strong></span> <span class='ocrx_word' id='word_1_180' title='bbox 924 3628 1162 3726; x_wconf 83' lang='lat' dir='ltr'><strong>praepositum</strong></span> <span class='ocrx_word' id='word_1_181' title='bbox 1186 3629 1297 3728; x_wconf 89' lang='lat' dir='ltr'><strong>ipsam</strong></span> <span class='ocrx_word' id='word_1_182' title='bbox 1319 3655 1465 3728; x_wconf 88' lang='lat' dir='ltr'><strong>pravam</strong></span> <span class='ocrx_word' id='word_1_183' title='bbox 1487 3630 1723 3705; x_wconf 86' lang='lat' dir='ltr'><strong>consuetudi-</strong></span> 
     </span>
     <span class='ocr_line' id='line_1_23' title="bbox 327 3748 1723 3852; baseline 0.001 -29"><span class='ocrx_word' id='word_1_184' title='bbox 327 3776 411 3823; x_wconf 90' lang='lat' dir='ltr'><strong>nem</strong></span> <span class='ocrx_word' id='word_1_185' title='bbox 435 3750 600 3850; x_wconf 86' lang='lat' dir='ltr'><strong>reliquit;</strong></span> <span class='ocrx_word' id='word_1_186' title='bbox 627 3767 683 3839; x_wconf 87' lang='lat' dir='ltr'><strong>et,</strong></span> <span class='ocrx_word' id='word_1_187' title='bbox 708 3748 979 3849; x_wconf 85' lang='lat' dir='ltr'><strong>celebrantibus</strong></span> <span class='ocrx_word' id='word_1_188' title='bbox 994 3749 1100 3826; x_wconf 89' lang='lat' dir='ltr'><strong>nobis</strong></span> <span class='ocrx_word' id='word_1_189' title='bbox 1118 3751 1231 3825; x_wconf 85' lang='lat' dir='ltr'><strong>sancti</strong></span> <span class='ocrx_word' id='word_1_190' title='bbox 1259 3752 1412 3823; x_wconf 81' lang='lat' dir='ltr'><strong>Firmini</strong></span> <span class='ocrx_word' id='word_1_191' title='bbox 1435 3750 1589 3841; x_wconf 83' lang='lat' dir='ltr'><strong>festum,</strong></span> <span class='ocrx_word' id='word_1_192' title='bbox 1616 3779 1723 3852; x_wconf 89' lang='lat' dir='ltr'><strong>super</strong></span> 
     </span>
     <span class='ocr_line' id='line_1_24' title="bbox 327 3871 1724 3975; baseline 0.001 -31"><span class='ocrx_word' id='word_1_193' title='bbox 327 3874 437 3946; x_wconf 82' lang='lat' dir='ltr'><strong>altare</strong></span> <span class='ocrx_word' id='word_1_194' title='bbox 457 3874 569 3945; x_wconf 87' lang='lat' dir='ltr'><strong>sancti</strong></span> <span class='ocrx_word' id='word_1_195' title='bbox 589 3874 685 3945; x_wconf 89' lang='lat' dir='ltr'><strong>Petri</strong></span> <span class='ocrx_word' id='word_1_196' title='bbox 709 3871 792 3945; x_wconf 90' lang='lat' dir='ltr'><strong>inde</strong></span> <span class='ocrx_word' id='word_1_197' title='bbox 811 3899 987 3975; x_wconf 77' lang='lat' dir='ltr'><strong>guerpum</strong></span> <span class='ocrx_word' id='word_1_198' title='bbox 1006 3872 1148 3971; x_wconf 85' lang='lat' dir='ltr'><strong>posuit,</strong></span> <span class='ocrx_word' id='word_1_199' title='bbox 1171 3889 1278 3973; x_wconf 86' lang='lat' dir='ltr'><strong>atque</strong></span> <span class='ocrx_word' id='word_1_200' title='bbox 1297 3900 1315 3945; x_wconf 86' lang='lat' dir='ltr'><strong>a</strong></span> <span class='ocrx_word' id='word_1_201' title='bbox 1336 3872 1441 3948; x_wconf 87' lang='lat' dir='ltr'><strong>uobis</strong></span> <span class='ocrx_word' id='word_1_202' title='bbox 1464 3875 1574 3949; x_wconf 86' lang='lat' dir='ltr'><strong>XXV</strong></span> <span class='ocrx_word' id='word_1_203' title='bbox 1591 3875 1724 3951; x_wconf 91' lang='lat' dir='ltr'><strong>solidos</strong></span> 
     </span>
     <span class='ocr_line' id='line_1_25' title="bbox 328 3984 1723 4097; baseline 0.001 -30"><span class='ocrx_word' id='word_1_204' title='bbox 328 3984 483 4096; x_wconf 73' lang='lat' dir='ltr'><strong>accepit,</strong></span> <span class='ocrx_word' id='word_1_205' title='bbox 508 4012 565 4088; x_wconf 88' lang='lat' dir='ltr'><strong>et,</strong></span> <span class='ocrx_word' id='word_1_206' title='bbox 588 4002 615 4068; x_wconf 91' lang='lat' dir='ltr'><strong>si</strong></span> <span class='ocrx_word' id='word_1_207' title='bbox 638 3996 734 4069; x_wconf 86' lang='lat' dir='ltr'><strong>forte</strong></span> <span class='ocrx_word' id='word_1_208' title='bbox 756 3993 949 4097; x_wconf 84' lang='lat' dir='ltr'><strong>aliquando</strong></span> <span class='ocrx_word' id='word_1_209' title='bbox 975 3987 1173 4069; x_wconf 86' lang='lat' dir='ltr'><strong>monachus</strong></span> <span class='ocrx_word' id='word_1_210' title='bbox 1197 3997 1285 4069; x_wconf 87' lang='lat' dir='ltr'><strong>effici</strong></span> <span class='ocrx_word' id='word_1_211' title='bbox 1310 3997 1484 4087; x_wconf 83' lang='lat' dir='ltr'><strong>voluerit,</strong></span> <span class='ocrx_word' id='word_1_212' title='bbox 1509 4024 1589 4070; x_wconf 91' lang='lat' dir='ltr'><strong>cum</strong></span> <span class='ocrx_word' id='word_1_213' title='bbox 1616 3997 1723 4071; x_wconf 90' lang='lat' dir='ltr'><strong>rebus</strong></span> 
     </span>
     <span class='ocr_line' id='line_1_26' title="bbox 328 4117 1723 4218; baseline 0.001 -28"><span class='ocrx_word' id='word_1_214' title='bbox 328 4117 602 4218; x_wconf 87' lang='lat' dir='ltr'><strong>quashabuerit,</strong></span> <span class='ocrx_word' id='word_1_215' title='bbox 619 4119 827 4218; x_wconf 68' lang='lat' dir='ltr'><strong>recipiatur,</strong></span> <span class='ocrx_word' id='word_1_216' title='bbox 842 4133 1056 4192; x_wconf 84' lang='lat' dir='ltr'><strong>mortevero</strong></span> <span class='ocrx_word' id='word_1_217' title='bbox 1070 4135 1275 4217; x_wconf 86' lang='lat' dir='ltr'><strong>praeventus</strong></span> <span class='ocrx_word' id='word_1_218' title='bbox 1283 4119 1476 4218; x_wconf 79' lang='lat' dir='ltr'><strong>sepeliatur</strong></span> <span class='ocrx_word' id='word_1_219' title='bbox 1487 4146 1504 4191; x_wconf 91' lang='lat' dir='ltr'><strong>a</strong></span> <span class='ocrx_word' id='word_1_220' title='bbox 1517 4119 1638 4214; x_wconf 90' lang='lat' dir='ltr'><strong>nobis,</strong></span> <span class='ocrx_word' id='word_1_221' title='bbox 1652 4122 1723 4192; x_wconf 89' lang='lat' dir='ltr'><strong>suis</strong></span> 
     </span>
     <span class='ocr_line' id='line_1_27' title="bbox 328 4238 1808 4341; baseline 0.005 -30"><span class='ocrx_word' id='word_1_222' title='bbox 328 4265 418 4341; x_wconf 86' lang='lat' dir='ltr'><strong>eque</strong></span> <span class='ocrx_word' id='word_1_223' title='bbox 428 4238 536 4314; x_wconf 85' lang='lat' dir='ltr'><strong>rebus</strong></span> <span class='ocrx_word' id='word_1_224' title='bbox 548 4238 813 4313; x_wconf 88' lang='lat' dir='ltr'><strong>nobisreliotis.</strong></span> <span class='ocrx_word' id='word_1_225' title='bbox 826 4241 948 4316; x_wconf 87' lang='lat' dir='ltr'><strong>Testes</strong></span> <span class='ocrx_word' id='word_1_226' title='bbox 958 4238 1062 4339; x_wconf 86' lang='lat' dir='ltr'><strong>hujus</strong></span> <span class='ocrx_word' id='word_1_227' title='bbox 1075 4241 1141 4329; x_wconf 90' lang='lat' dir='ltr'><strong>rei,</strong></span> <span class='ocrx_word' id='word_1_228' title='bbox 1159 4266 1200 4313; x_wconf 85' lang='lat' dir='ltr'><strong>ex</strong></span> <span class='ocrx_word' id='word_1_229' title='bbox 1215 4267 1275 4312; x_wconf 87' lang='lat' dir='ltr'><strong>sua</strong></span> <span class='ocrx_word' id='word_1_230' title='bbox 1289 4258 1405 4341; x_wconf 89' lang='lat' dir='ltr'><strong>parte,</strong></span> <span class='ocrx_word' id='word_1_231' title='bbox 1419 4240 1571 4322; x_wconf 81' lang='lat' dir='ltr'><strong>fuerunt</strong></span> <span class='ocrx_word' id='word_1_232' title='bbox 1584 4274 1592 4314; x_wconf 74' lang='grc' dir='ltr'><strong><em>ε</em></strong></span> <span class='ocrx_word' id='word_1_233' title='bbox 1604 4241 1721 4332; x_wconf 86' lang='lat' dir='ltr'><strong>Dodo,</strong></span> <span class='ocrx_word' id='word_1_234' title='bbox 1806 4244 1808 4251; x_wconf 73' lang='grc'><strong>’</strong></span> 
     </span>
     <span class='ocr_line' id='line_1_28' title="bbox 329 4357 1725 4466; baseline 0.001 -31"><span class='ocrx_word' id='word_1_235' title='bbox 329 4361 528 4451; x_wconf 87' lang='lat' dir='ltr'><strong>Guarinus,</strong></span> <span class='ocrx_word' id='word_1_236' title='bbox 549 4360 765 4438; x_wconf 88' lang='lat' dir='ltr'><strong>Godesridus</strong></span> <span class='ocrx_word' id='word_1_237' title='bbox 782 4357 1022 4438; x_wconf 87' lang='lat' dir='ltr'><strong>etGeraldus.</strong></span> <span class='ocrx_word' id='word_1_238' title='bbox 1048 4363 1105 4434; x_wconf 83' lang='lat' dir='ltr'><strong>Ex</strong></span> <span class='ocrx_word' id='word_1_239' title='bbox 1124 4379 1246 4437; x_wconf 88' lang='lat' dir='ltr'><strong>nostra</strong></span> <span class='ocrx_word' id='word_1_240' title='bbox 1268 4378 1369 4464; x_wconf 86' lang='lat' dir='ltr'><strong>parte</strong></span> <span class='ocrx_word' id='word_1_241' title='bbox 1392 4395 1400 4436; x_wconf 77' lang='grc' dir='ltr'><strong>ε</strong></span> <span class='ocrx_word' id='word_1_242' title='bbox 1423 4362 1625 4466; x_wconf 88' lang='lat' dir='ltr'><strong>Stephanus</strong></span> <span class='ocrx_word' id='word_1_243' title='bbox 1647 4392 1725 4436; x_wconf 93' lang='lat' dir='ltr'><strong>ma-</strong></span> 
     </span>
     <span class='ocr_line' id='line_1_29' title="bbox 324 4474 1722 4582; baseline 0.001 -25"><span class='ocrx_word' id='word_1_244' title='bbox 324 4485 399 4581; x_wconf 90' lang='lat' dir='ltr'><strong>jor,</strong></span> <span class='ocrx_word' id='word_1_245' title='bbox 423 4481 616 4556; x_wconf 91' lang='lat' dir='ltr'><strong>Gilduinus</strong></span> <span class='ocrx_word' id='word_1_246' title='bbox 638 4487 770 4582; x_wconf 86' lang='lat' dir='ltr'><strong>major,</strong></span> <span class='ocrx_word' id='word_1_247' title='bbox 793 4485 1008 4559; x_wconf 89' lang='lat' dir='ltr'><strong>Laurentius</strong></span> <span class='ocrx_word' id='word_1_248' title='bbox 1031 4482 1289 4575; x_wconf 88' lang='lat' dir='ltr'><strong>cubicularius,</strong></span> <span class='ocrx_word' id='word_1_249' title='bbox 1309 4474 1497 4560; x_wconf 83' lang='lat' dir='ltr'><strong>Teduinus</strong></span> <span class='ocrx_word' id='word_1_250' title='bbox 1513 4476 1722 4561; x_wconf 78' lang='lat' dir='ltr'><strong>matricula-</strong></span> 
     </span>
     <span class='ocr_line' id='line_1_30' title="bbox 330 4605 1724 4712; baseline 0.002 -35"><span class='ocrx_word' id='word_1_251' title='bbox 330 4605 427 4693; x_wconf 89' lang='lat' dir='ltr'><strong>rius,</strong></span> <span class='ocrx_word' id='word_1_252' title='bbox 455 4605 636 4682; x_wconf 86' lang='lat' dir='ltr'><strong>Johannes</strong></span> <span class='ocrx_word' id='word_1_253' title='bbox 665 4634 794 4698; x_wconf 90' lang='lat' dir='ltr'><strong>cocus,</strong></span> <span class='ocrx_word' id='word_1_254' title='bbox 822 4606 1047 4682; x_wconf 86' lang='lat' dir='ltr'><strong>Gislebertus</strong></span> <span class='ocrx_word' id='word_1_255' title='bbox 1072 4636 1162 4709; x_wconf 92' lang='lat' dir='ltr'><strong>puer</strong></span> <span class='ocrx_word' id='word_1_256' title='bbox 1168 4639 1180 4700; x_wconf 82' lang='lat'>3</span> <span class='ocrx_word' id='word_1_257' title='bbox 1210 4608 1419 4710; x_wconf 79' lang='lat' dir='ltr'><strong>Oydelerius</strong></span> <span class='ocrx_word' id='word_1_258' title='bbox 1434 4625 1480 4686; x_wconf 83' lang='lat' dir='ltr'><strong>-et</strong></span> <span class='ocrx_word' id='word_1_259' title='bbox 1500 4607 1724 4712; x_wconf 75' lang='lat' dir='ltr'><strong>Rodbertus,</strong></span> 
     </span>
     <span class='ocr_line' id='line_1_31' title="bbox 330 4714 1635 4830; baseline -0.002 -28"><span class='ocrx_word' id='word_1_260' title='bbox 330 4720 443 4804; x_wconf 77' lang='lat' dir='ltr'><strong>fiater</strong></span> <span class='ocrx_word' id='word_1_261' title='bbox 459 4732 545 4830; x_wconf 84' lang='lat' dir='ltr'><strong>ejus.</strong></span> <span class='ocrx_word' id='word_1_262' title='bbox 564 4763 582 4799; x_wconf 86' lang='lat'>»</span> <span class='ocrx_word' id='word_1_263' title='bbox 1220 4749 1224 4756; x_wconf 87' lang='lat'>·</span> <span class='ocrx_word' id='word_1_264' title='bbox 1494 4716 1496 4721; x_wconf 35' lang='lat'>¹</span> <span class='ocrx_word' id='word_1_265' title='bbox 1631 4714 1635 4724; x_wconf 23' lang='grc' dir='ltr'><strong>Δ</strong></span> 
     </span>
    </p>
   </div>
   <div class='ocr_carea' id='block_1_6' title="bbox 354 4910 1654 5025">
    <p class='ocr_par' dir='ltr' id='par_1_7' title="bbox 354 4910 1654 5025">
     <span class='ocr_line' id='line_1_32' title="bbox 354 4910 1654 5025; baseline -0.016 -22"><span class='ocrx_word' id='word_1_266' title='bbox 354 4937 478 5002; x_wconf 75' lang='lat' dir='ltr'><strong>¹¹1⁴&#39;ort</strong></span> <span class='ocrx_word' id='word_1_267' title='bbox 494 4942 563 5025; x_wconf 67' lang='lat' dir='ltr'><strong>leg,</strong></span> <span class='ocrx_word' id='word_1_268' title='bbox 578 4943 675 5023; x_wconf 78' lang='lat' dir='ltr'><strong>Cujus</strong></span> <span class='ocrx_word' id='word_1_269' title='bbox 691 4965 765 5004; x_wconf 81' lang='lat' dir='ltr'><strong>cum.</strong></span> <span class='ocrx_word' id='word_1_270' title='bbox 944 4955 949 4961; x_wconf 78' lang='grc'><em>’</em></span> <span class='ocrx_word' id='word_1_271' title='bbox 1325 4945 1328 4948; x_wconf 74' lang='grc'>’</span> <span class='ocrx_word' id='word_1_272' title='bbox 1435 4970 1441 4975; x_wconf 87' lang='grc'><strong>-</strong></span> <span class='ocrx_word' id='word_1_273' title='bbox 1470 4912 1474 4921; x_wconf 55' lang='grc'><strong><em>’</em></strong></span> <span class='ocrx_word' id='word_1_274' title='bbox 1610 4910 1654 4976; x_wconf 62' lang='lat' dir='ltr'><strong>tt?</strong></span> 
     </span>
    </p>
   </div>
   <div class='ocr_carea' id='block_1_7' title="bbox 0 0 2254 6116">
    <p class='ocr_par' dir='ltr' id='par_1_8' title="bbox 0 0 2254 6116">
     <span class='ocr_line' id='line_1_33' title="bbox 0 0 2254 6116; baseline 0 0"><span class='ocrx_word' id='word_1_275' title='bbox 0 0 2254 6116; x_wconf 95' lang='lat' dir='ltr'><strong> </strong></span> 
     </span>
    </p>
   </div>
  </div>
 </body>
</html>
