4462 6120
922 730 927 740 ·
954 698 1299 778 MONASTERIUM

740 969 744 977 ’
870 979 1229 1113 οΑΡιΤυιυΜ
1265 981 1387 1071 mv.

636 1286 640 1295 ,
749 1229 793 1288 De
808 1225 927 1288 [etsido
941 1239 971 1288 et
984 1248 1074 1289 uxore
1088 1240 1117 1286 et
1130 1226 1235 1300 naue,
1252 1226 1325 1287 datis
1340 1248 1357 1284 u
1371 1224 1507 1307 lingone.
1634 1224 1641 1233 ‘

231 1458 324 1557 Aeci.
337 1463 407 1510 ¹06¹·
458 1494 462 1505 ·
486 1482 504 1522 c
518 1453 749 1554 Quicumque
766 1451 882 1526 fidelis
903 1453 959 1526 vel
982 1451 1197 1526 christianus
1214 1453 1402 1527 hominem
1424 1449 1492 1523 sibi
1515 1449 1615 1524 ¹nodo
1634 1448 1824 1521 semitutis

435 1574 665 1674 subjugatum
688 1601 757 1674 pro
787 1576 858 1648 Det
877 1575 1143 1674 omnipotentis
1172 1598 1295 1650 amore
1318 1571 1476 1648 liberum
1505 1569 1704 1660 dimiserit,
1736 1569 1824 1641 scint

434 1696 502 1790 sibi
529 1725 549 1768 a
575 1697 644 1795 pio=
664 1697 823 1771 Domino
841 1695 942 1771 reddi
959 1697 1165 1772 mercedem
1190 1712 1355 1797 tempore
1376 1710 1601 1796 perpetuam.
1626 1686 1704 1792 ipsa
1723 1690 1823 1764 euim

434 1818 567 1890 veritas.
575 1871 586 1906 ,
602 1822 691 1918 qnae
708 1812 871 1891 Christus
886 1835 966 1911 est,
991 1830 1074 1893 suos
1090 1819 1210 1894 fideles
1225 1818 1270 1892 ad
1285 1815 1379 1893 bene
1396 1815 1576 1919 agendum
1591 1815 1755 1899 instruit,
1776 1804 1822 1881 in

433 1939 614 2040 cvangelio
630 1939 752 2013 dicens
769 1971 778 2010 ε
799 1941 996 2028 Dimittite,
1026 1955 1060 2011 et
1073 1939 1309 2013 dimittemini
1316 1977 1333 2028 ,·
1353 1942 1441 2013 date
1449 1996 1463 2028 ,
1487 1956 1522 2011 et
1536 1937 1687 2010 dabitur
1701 1931 1821 2007 uobis.

433 2060 567 2135 iccirco
592 2087 683 2159 ego,
710 2063 747 2131 in
776 2061 841 2132 Dei
864 2061 1036 2157 nomine,
1061 2062 1167 2162 Hugo
1192 2061 1377 2137 cumvfilio
1400 2088 1483 2136 meo
1509 2063 1664 2159 Hugone
1688 2072 1724 2130 et
1750 2053 1824 2127 filia

433 2183 616 2270 beatrice,
652 2180 749 2253 bunc
780 2181 850 2253 mei
876 2182 970 2279 juris
1001 2180 1233 2255 collibertum
1265 2182 1480 2273 Letaldum,
1509 2206 1594 2253 cum
1621 2202 1735 2253 uxore
1762 2200 1824 2246 sua

431 2302 644 2402 Amalberga
666 2318 702 2375 et
723 2303 836 2376 fratre
857 2302 1067 2393 Rannulfo,
1095 2330 1179 2376 cum
1203 2304 1286 2377 filiis
1308 2322 1345 2379 et
1368 2302 1511 2378 filiabus
1535 2303 1599 2402 qui
1618 2327 1662 2374 ex
1679 2301 1731 2372 eis
1748 2297 1823 2371 uati

432 2425 568 2497 fuerint
580 2479 592 2515 ,
611 2424 699 2500 cedo
715 2423 759 2496 'ad
777 2425 899 2499 locum
923 2425 1043 2498 Sancti
1068 2426 1166 2497 Petri
1189 2425 1417 2499 Carnotensis
1439 2422 1626 2512 coenobii,
1654 2421 1825 2521 quatinus
1955 2405 1961 2417 ¹

432 2545 537 2620 liberi
555 2546 756 2628 inservitio
774 2545 931 2646 ejusdem
947 2546 1017 2619 loci
1037 2562 1257 2627 remaneant.
1274 2547 1312 2648 Si
1324 2547 1406 2647 quis
1418 2562 1540 2648 autem
1551 2543 1697 2644 hujusce
1708 2542 1825 2617 doua-

433 2669 542 2743 tiorn's
560 2695 632 2747 esse
649 2669 839 2765 voluerit¹,
859 2669 945 2742 [isco
967 2669 1062 2770 regis
1084 2685 1228 2742 coactus
1248 2666 1380 2742 libram
1397 2670 1475 2743 auri
1493 2667 1693 2768 persolvere
1714 2691 1824 2766 coga-

431 2809 504 2863 tur.
536 2795 584 2865 Et
614 2806 657 2862 ut
685 2790 787 2863 haec’
815 2789 1024 2867 donationis
1054 2816 1144 2862 meae
1176 2790 1392 2893 inconvulsa.¹
1417 2806 1578 2879 maneat,
1605 2814 1683 2865 mea
1712 2798 1824 2864 mauu

431 2911 570 2985 firmavi
589 2928 624 2983 et
641 2910 809 2985 manibus
830 2911 989 2986 fidelium
1007 2937 1175 2997 meorum
1192 2911 1502 2989 corroborandam
1520 2911 1665 2987 tradidi.
1691 2912 1730 2983 S.
1742 2911 1825 3008 Hu-

430 3014 534 3131 gonis
549 3036 721 3113 Brustans
737 3033 908 3123 Salicem,
926 3036 989 3135 qui
1008 3034 1100 3108 hanc
1125 3033 1361 3111 donationem
1374 3035 1475 3111 fecit.
1506 3036 1604 3129 8.ΗΙ
1637 3032 1741 3124 onis,
1757 3030 1824 3105 filii

432 3158 517 3252 ejus
560 3156 803 3244 S.Beatricis,
834 3155 921 3230 filiae
950 3159 1037 3254 ejus.
1077 3157 1266 3232 §.Radulfi
1296 3159 1380 3233 Mali
1404 3159 1542 3232 Vicini.
1583 3142 1624 3230 S:-¹
1666 3152 1821 3228 malrici.

432 3277 468 3346 S.
479 3252 669 3350 He'scelini.
690 3278 727 3349 S.
740 3278 904 3377 Hugonis
913 3275 957 3351 de
967 3274 1117 3357 arculo.
1133 3278 1367 3369 S.Rodberti‚
1384 3279 1450 3357 filii
1463 3279 1643 3354 Landrici.
1663 3276 1825 3350 S.Gaus·

326 3385 332 3394 ’
432 3397 531 3472 fridi.
553 3400 591 3471 S.
603 3398 758 3472 Huberti
772 3399 971 3475 deRoseto.
997 3399 1390 3485 SAnssridiGabardi.
1414 3404 1452 3476 S.
1466 3402 1685 3476 Constantii.
1708 3399 1824 3473 &Be

433 3518 579 3593 nedicti.
613 3519 868 3597 SVVidouis.
903 3522 1100 3599 STedaldi
1125 3523 1330 3601 sacerdotis.
1357 3524 1492 3601 Actum
1511 3541 1566 3600 est
1588 3523 1657 3600 hoc
1679 3521 1823 3624 publice

393 3690 396 3696 ·
432 3639 601 3734 Gesiaco‚
626 3660 801 3771 regnante
817 3645 1043 3750 serenissimo
1054 3670 1145 3757 rege
1160 3648 1345 3724 Hainrico.
1364 3677 1382 3717 a

883 3920 1248 4017 CAPITULUM
1282 3927 1374 4017 LV.

626 4198 674 4213 „
747 4166 791 4225 De
804 4167 1144 4233 cousuetudiue'remissa
1158 4191 1177 4231 a
1190 4169 1315 4250 Hugoue
1329 4171 1512 4231 vicecomite.
1637 4221 1638 4225 ,
1746 4206 1747 4211 1

230 4406 323 4455 Arte..
335 4367 408 4458 roei.
456 4389 596 4486 seligo
611 4385 823 4486 Hilduinus,
848 4393 1253 4491 Hugonisvicecomitis
1269 4394 1385 4484 filius,
1403 4393 1631 4494 presentibus
1645 4393 1826 4491 actuaris

432 4525 563 4582 notum
580 4507 692 4597 facio,
712 4506 771 4583 me
787 4509 980 4586 deseruisse
999 4514 1203 4587 calunniam
1224 4542 1334 4616 quam
1352 4516 1484 4616 injuste
1501 4515 1700 4593 inferebam
1717 4528 1825 4589 terre

432 4630 553 4703 Sancti
571 4631 668 4704 Petri
684 4633 901 4723 Jociacensi,
925 4661 1034 4734 quam
1051 4637 1165 4711 eidem
1186 4637 1318 4713 Sancto
1332 4640 1444 4713 Petro
1459 4665 1545 4712 avus
1561 4665 1663 4712 meus
1681 4633 1826 4730 Hildui-

475 4882 487 4939 .¹.
502 4871 564 4943 Sic,
580 4872 662 4933 codd.
1189 4880 1282 4957 *siey
1295 4880 1380 4941 codd.
1504 4877 1508 4913 ³
