4462 6120
739 753 776 823 S.
801 752 944 825 PETRI
970 749 1294 827 Gtuuotuttsts
1668 752 1716 823 23

323 898 488 987 Andura,
509 897 604 973 infra
624 923 773 1000 quoque
792 898 975 973 civitatem
992 924 1011 969 a
1028 913 1231 998 portaque
1247 893 1578 996 dicitur'Aquaria¹
1603 921 1716 998 usque

324 1023 522 1122 adportam
537 1021 758 1097 Cinerosam.
774 1021 886 1094 Prisci
907 1017 1075 1096 monachi
1090 1045 1132 1092 ac
1149 1020 1313 1093 canonici
1332 1034 1414 1119 post
1426 1031 1508 1107 eos',
1521 1022 1627 1119 juxta
1638 1044 1719 1093 mu-

324 1170 405 1216 rum
418 1198 429 1232 ,
451 1145 545 1216 sicut
567 1144 621 1215 via
645 1142 845 1231 dividebat,
863 1141 908 1214 ab
924 1167 996 1214 una
1016 1147 1122 1241 porta
1139 1167 1294 1242 pergens
1313 1141 1356 1214 ad
1379 1143 1526 1214 alteram
1550 1157 1715 1241 portam,
1824 1215 1828 1222 ,

319 1269 403 1365 jure
423 1264 641 1341 hereditario
661 1264 775 1340 totam
798 1262 1037 1364 possederunt
1058 1280 1210 1353 terram3
1235 1279 1328 1340 seta
1352 1265 1485 1343 comite
1511 1264 1548 1339 in
1572 1263 1717 1338 civitate

325 1387 536 1462 introducto
552 1387 645 1462 facta
663 1388 778 1479 turri,
793 1414 835 1461 ac
852 1387 1062 1461 incircuitu
1078 1387 1179 1461 vallis
1195 1413 1343 1461 censum
1361 1385 1545 1486 subripuit
1556 1386 1718 1486 abusque

325 1507 660 1586 consuetudinarios
677 1537 774 1583 usus.
792 1511 931 1584 Tamen
949 1535 1088 1599 comes,
1103 1508 1251 1610 probae
1269 1511 1340 1610 ipsa
1355 1535 1414 1600 re,
1429 1508 1716 1610 singuiisannis,

323 1628 368 1705 ad
383 1630 643 1707 occidentalem
664 1633 825 1734 plagam,
851 1633 888 1706 in
904 1658 1031 1732 campo
1048 1629 1185 1721 Fabro,
1208 1658 1325 1706 unum
1345 1633 1510 1707 modium
1522 1631 1600 1705 vini
1612 1631 1720 1730 jussit

324 1752 512 1828 monacbis
534 1753 629 1843 dari,
655 1756 817 1856 quamvis
839 1753 1060 1854 possidentes
1080 1755 1222 1831 vineam
1243 1756 1282 1828 in
1302 1753 1372 1830 hoc
1389 1755 1463 1828 sint
1480 1753 1716 1854 negligentes

324 1875 461 1949 lterum
477 1902 625 1977 quoque
637 1904 656 1949 a
668 1894 776 1977 porta
788 1878 958 1952 Cinerosa
967 1932 977 1966 ,
995 1892 1091 1950 terra
1105 1877 1226 1951 Sancti
1247 1877 1373 1951 Hilarii
1388 1875 1586 1976 incipiebat
1601 1875 1720 1949 Picta-

323 1997 459 2085 vensis,
480 2024 564 2098 quae
586 1998 662 2072 fere
684 1999 857 2099 quadram
881 1999 1036 2073 civitatis
1058 1997 1270 2087 obtinebat,
1293 2025 1402 2100 quam
1422 1995 1641 2072 terminabat
1662 1996 1718 2068 via

323 2143 476 2217 pergens
496 2146 562 2219 per
583 2119 736 2193 mediam
759 2122 942 2192 civitatem
962 2122 1004 2192 ad
1029 2136 1181 2193 turrem.
1199 2123 1324 2222 ltaque
1343 2119 1491 2221 quidam
1509 2119 1611 2195 miles
1627 2118 1719 2192 itanc

324 2255 458 2312 terram
482 2240 641 2341 quodam
653 2246 738 2341 jure
756 2241 981 2342 possidebat,
1007 2258 1060 2316 set
1083 2241 1211 2317 divino
1235 2268 1359 2316 amore
1384 2241 1557 2342 flagrans,
1585 2241 1718 2313 Sancto

324 2360 433 2434 Petro
453 2387 531 2434 eam
552 2364 747 2452 concessit,
768 2362 927 2451 donans,
947 2388 991 2438 co
1012 2362 1179 2436 videlicet
1196 2379 1343 2452 tenore,
1368 2378 1412 2435 ut
1431 2363 1467 2434 in
1485 2363 1582 2438 atrio
1596 2362 1719 2437 Sancti

323 2484 420 2557 Petri
434 2483 600 2559 monachi
620 2487 659 2558 in
675 2484 817 2561 bonore
838 2487 951 2561 sancti
972 2486 1101 2560 Hilarii
1118 2486 1314 2562 aecclesiam
1328 2499 1604 2574 construerent,
1619 2483 1719 2591 quod

324 2621 361 2677 et
381 2605 519 2681 factam
543 2623 609 2681 est.
633 2607 695 2682 Set
714 2626 811 2683 terra
829 2609 903 2712 ipsa
921 2634 1032 2710 quam
1048 2625 1266 2710 acceperunt
1282 2637 1303 2682 a
1322 2611 1458 2711 milite,
1472 2610 1507 2681 vi
1524 2622 1718 2708 potentum

325 2742 361 2799 et
374 2727 608 2802 inbecillitate
620 2732 790 2829 propria,
808 2731 855 2803 ita
872 2748 927 2805 est
942 2729 990 2804 ab
1002 2733 1052 2806 eis
1066 2758 1223 2831 possessa
1231 2786 1244 2819 ,
1258 2744 1303 2803 ut
1313 2716 1373 2805 vix
1386 2746 1484 2807 sexta
1496 2757 1579 2830 pars
1593 2754 1720 2805 census

324 2849 375 2922 eis
395 2848 566 2923 reddatur
581 2850 627 2924 ab
651 2851 792 2925 incolis.
816 2850 923 2924 Dedit
938 2852 1050 2926 etiam
1068 2852 1170 2926 miles
1187 2851 1235 2925 de
1253 2879 1332 2953 quo
1351 2880 1457 2953 supra
1479 2851 1655 2940 diximus,
1675 2848 1720 2925 dc

325 2969 446 3042 eadem
461 2985 638 3069 potestate
650 2973 783 3044 Sancto
800 2973 909 3046 Petro
924 2973 961 3043 in
979 2975 1090 3045 Manu
1104 2973 1239 3046 Villare
1256 2973 1426 3072 grandem
1445 2971 1720 3074 amplitudinem

324 3108 430 3167 terrae
453 3092 488 3163 in
513 3118 587 3194 qua
605 3090 775 3169 monachi
803 3093 841 3164 in
866 3093 1009 3179 bonore
1031 3094 1144 3167 saneti
1164 3092 1292 3167 Hilarii
1314 3093 1508 3169 secundam
1523 3095 1720 3170 aecclesiam

325 3213 607 3289 edificaverunt.
622 3216 682 3288 Set
701 3228 738 3291 et
754 3216 793 3289 in
807 3216 961 3291 circuitu
976 3215 1092 3304 urbis,
1109 3231 1182 3290 tam
1197 3217 1236 3290 in
1249 3216 1372 3317 burgo
1387 3242 1495 3317 quam
1510 3206 1613 3299 'extra
1630 3215 1722 3292 bur-

325 3363 432 3437 gum,
451 3337 622 3437 pluribus
632 3339 670 3412 in
683 3338 773 3414 locis
786 3356 840 3413 est
855 3354 948 3417 terra
963 3339 1083 3414 Sancti
1098 3340 1198 3413 Petri
1214 3369 1222 3409 :
1239 3338 1283 3413 ad
1297 3339 1557 3415 occidentalem
1572 3338 1722 3442 quidem

324 3460 466 3560 pingam
479 3475 532 3533 est
542 3459 712 3536 medietas
727 3476 834 3536 terrae
847 3459 1042 3538 Pendentis
1059 3460 1218 3535 Pediculi
1226 3515 1237 3551 ,
1254 3462 1390 3536 Sancto
1400 3461 1525 3549 tetro,
1544 3459 1721 3537 modona

326 3597 502 3682 tempore,
522 3609 688 3657 concessa
699 3608 768 3683 pro
785 3583 944 3686 quodam
960 3585 1077 3661 milite
1089 3583 1188 3661 facto
1198 3583 1392 3675 monacho,
1407 3584 1559 3660 reddens
1573 3585 1614 3659 in
1625 3583 1722 3685 psol-

325 3704 500 3780 lennitate
532 3707 644 3778 sancti
673 3705 840 3781 Mauricii
860 3731 913 3780 ιιι
936 3731 1135 3795 nummos,
1165 3733 1249 3782 nam
1277 3733 1322 3783 ex
1347 3711 1423 3807 ejus
1447 3721 1624 3807 potestate
1648 3731 1722 3789 etto

326 3824 481 3901 videtur.
498 3826 711 3903 Fulchcrius
727 3829 897 3930 denique,
914 3827 958 3904 de
974 3833 1077 3931 cujus
1095 3829 1275 3905 beneficio
1287 3846 1386 3919 erat,
1398 3855 1444 3903 xc
1457 3829 1592 3906 solidos
1608 3851 1721 3905 num·
1832 3844 1835 3850 '

327 3973 474 4023 morum
484 4002 495 4036 ,
510 3950 717 4050 Gurgerius
733 3975 896 4052 quoque,
908 3952 977 4052 qui
992 3950 1037 4027 <te
1055 3977 1102 4029 co
1124 3951 1289 4044 tenebat,
1308 3977 1384 4029 m
1398 3950 1552 4040 solidos,
1569 3977 1614 4026 cx
1632 3975 1722 4028 uou—

325 4094 432 4145 sensu
452 4089 686 4171 acceperunt,
706 4090 775 4148 n'os
790 4099 878 4148 vero
901 4074 938 4149 in
962 4072 1155 4150 festivitate
1176 4075 1287 4149 sanoti
1312 4073 1469 4173 Remigii
1484 4100 1503 4145 a
1520 4069 1723 4159 cultoribus

325 4217 389 4267 xxi
415 4191 549 4269 solidos
568 4195 777 4295 accipimus.
796 4196 851 4273 De
869 4222 909 4272 ea
923 4214 1043 4274 autem
1061 4224 1143 4298 quae
1163 4198 1241 4272 solo
1261 4214 1367 4273 tenus
1379 4212 1434 4271 est
1447 4213 1590 4273 tantum
1605 4193 1724 4296 spica-

325 4341 411 4389 rum
434 4316 639 4416 amnipulos
658 4320 846 4395 sumimus.
871 4321 1107 4397 Terminatur
1132 4323 1255 4423 itaque
1276 4322 1350 4421 ipsa
1376 4336 1472 4397 terra
1495 4317 1635 4395 duabus
1656 4317 1723 4404 viis

326 4433 495 4534 publicis,
513 4437 558 4513 ad
572 4437 736 4517 dextram
749 4442 987 4543 pergentibus
999 4441 1044 4519 ad
1060 4442 1226 4533 boscum,
1242 4469 1320 4521 non
1333 4442 1532 4531 columnia,
1547 4440 1722 4519 autetiam

369 4711 378 4739 ¹
397 4700 510 4763 Portam
524 4707 679 4788 Aquarium
690 4708 868 4792 'jampridem
886 4712 1058 4773 destructam
1075 4713 1151 4774 inter
1167 4699 1426 4794 portasWilieimi
1440 4733 1474 4772 ac
1492 4708 1620 4771 Moratdi
1638 4711 1720 4769 sitam

328 4809 413 4870 fuisse
427 4811 503 4872 idem
521 4812 603 4874 docet
617 4816 655 4875 D.
672 4815 784 4900 Mniey.
1663 4818 1667 4825 ⁸
