4462 6120
416 723 463 792 to
943 720 1289 797 MONASTERlUM

412 868 535 940 usibus
552 869 685 944 nostris
700 869 739 940 in
755 869 912 941 aliorum
928 868 1052 941 usibus
1069 869 1317 942 transierunt:
1338 870 1431 943 sicut
1450 869 1600 945 Gundre
1613 870 1707 947 Villa
1724 897 1829 968 cum,

412 1010 496 1067 octo
509 992 655 1078 mansis,
669 990 815 1092 brogilo
833 1006 869 1063 et
883 992 995 1090 pratis
1013 990 1256 1092 omnibusque
1273 992 1514 1092 appendiciis,
1535 1019 1644 1094 quam
1659 992 1808 1096 quidam

413 1113 521 1186 abbas
545 1113 651 1212 hujus
675 1113 744 1188 loci
771 1111 913 1186 cuidam
930 1139 1064 1212 puero,
1087 1111 1258 1215 quemde
1277 1113 1499 1189 sacrofonte
1519 1133 1741 1215 susceperat,
1767 1117 1807 1189 in

414 1253 646 1311 aucmentum
661 1235 761 1310 dedit
767 1266 777 1325 ;
792 1241 893 1335 cujus
905 1235 1111 1336 genealogia
1124 1262 1236 1337 usque
1251 1236 1294 1309 ad
1310 1236 1402 1309 hanc
1417 1235 1533 1326 diem,
1548 1239 1671 1311 invitis
1688 1237 1808 1312 fratri·

411 1361 498 1449 bus,
515 1375 637 1432 tenere
654 1358 811 1432 videtur.
831 1361 874 1430 In
887 1358 1112 1433 Normanuia
1126 1359 1296 1460 denique,
1310 1363 1414 1458 juxta
1430 1386 1542 1453 mare,
1557 1359 1665 1434 Tedis
1674 1360 1807 1437 Villam

414 1481 620 1558 Rodbertus
652 1507 771 1555 comes
800 1483 933 1556 Sancto
962 1481 1070 1555 Petro
1095 1479 1246 1553 abstulit
1273 1498 1309 1555 et
1340 1481 1483 1555 cuidam
1508 1482 1617 1555 militi
1645 1483 1807 1557 tradidit.

413 1604 560 1679 Sublata
571 1618 657 1676 sunt
670 1601 776 1677 nobis
790 1604 828 1674 in
840 1602 963 1676 eadem
979 1604 1094 1703 patria
1107 1619 1144 1676 et
1160 1603 1226 1674 alia
1241 1588 1360 1703 plura,
1371 1591 1452 1678 tam
1466 1606 1505 1677 in
1519 1605 1687 1680 aecclesiis
1699 1632 1810 1708 quam

415 1731 452 1801 in
468 1728 682 1828 piscatoriis,
698 1754 780 1828 quae
792 1725 891 1799 dedit
906 1724 1159 1801 memorandus
1176 1752 1296 1801 comes
1309 1724 1521 1818 bichardus,
1534 1730 1596 1830 qui
1613 1728 1811 1803 aecclesiam

415 1853 556 1923 Sanctae
583 1849 768 1921 Trinitatis
797 1849 966 1949 regaliter
992 1848 1202 1921 sublimavit
1227 1851 1319 1924 etin
1335 1850 1499 1951 periculo
1518 1853 1626 1924 maris
1646 1867 1813 1926 montem

415 1974 536 2047 Sancti
554 1969 741 2045 Michaelis
768 1972 1003 2074 regulariter,
1030 1970 1121 2045 datis
1140 1971 1367 2071 sumptibus,
1393 1972 1588 2049 ordinavit.
1615 1976 1724 2075 Cujus
1747 1972 1813 2050 bo-

416 2099 508 2169 nitas
525 2097 563 2168 in
587 2121 695 2168 evum
716 2092 858 2170 laudem
879 2094 1091 2197 adquirens,
1111 2114 1246 2171 aeterne
1266 2097 1348 2170 vitae
1373 2098 1526 2198 gloriam
1541 2123 1625 2171 cum
1641 2095 1814 2172 omnibus

416 2219 546 2293 sanctis
562 2217 717 2293 feliciter
734 2216 942 2321 adquisivit.

860 2529 1212 2622 CAPITULUM
1240 2531 1365 2622 VIII.

831 2755 974 2815 Secuntur
998 2777 1043 2814 res
1066 2755 1156 2815 editui
1177 2756 1277 2815 Sancti
1301 2756 1390 2818 Petri.

902 2985 947 3044 De
953 2985 1103 3069 farinario
1113 3007 1205 3069 prope
1222 2984 1328 3044 urbem.

470 3195 501 3240 1.
516 3166 651 3242 Edituo
665 3165 834 3238 aecclesiae
848 3162 968 3263 hujus,
981 3163 1175 3237 farinarius
1188 3189 1283 3236 unus
1296 3189 1412 3265 prope
1425 3163 1569 3251 urbem,
1585 3162 1628 3236 ad
1639 3165 1815 3263 majorem

416 3316 641 3376 mensuram,
659 3287 810 3388 singulis
831 3287 935 3359 annis
956 3285 1129 3359 reddebat
1149 3311 1225 3358 xxx
1249 3285 1389 3361 modios
1408 3310 1581 3373 annonae,
1601 3287 1714 3359 tritici
1734 3311 1816 3363 mo·

416 3414 519 3488 dium
537 3440 570 3504 1,
588 3412 763 3513 anguillas
780 3435 879 3498 xxx,
903 3434 1058 3508 porcum
1071 3435 1187 3482 unum
1197 3463 1208 3497 ‚
1224 3425 1286 3481 aut
1299 3435 1367 3508 pro
1380 3433 1493 3507 porco
1507 3434 1530 3480 v
1548 3407 1700 3495 solidos;
1725 3433 1819 3484 uno·

415 3562 562 3639 quoque
576 3560 700 3610 mense
717 3532 868 3633 fogatias
888 3557 914 3605 11
934 3546 971 3606 et
986 3531 1187 3606 sextarium
1199 3531 1275 3603 vini
1284 3583 1296 3620 ,
1312 3530 1433 3630 pullos
1448 3555 1489 3603 ni
1510 3556 1594 3603 cum
1610 3532 1701 3620 ovis.

1036 3781 1081 3840 De
1096 3783 1196 3842 Giaco.

468 3993 502 4036 2.
522 3962 576 4037 lbi
589 3977 666 4035 erat
687 3962 883 4063 pratellum
904 3958 948 4035 de
970 3987 1043 4063 quo
1062 3959 1330 4062 colligebantur
1349 3975 1504 4032 11⁰carra
1524 3956 1614 4032 leni.
1633 3944 1813 4057 Agricolae
1881 3992 1889 4004 ·

418 4095 521 4160 11110'2
535 4085 714 4159 Elisardus
724 4140 735 4175 ‚
754 4083 945 4173 Acculfus,
966 4081 1185 4173 Gualbertus
1203 4098 1239 4156 et
1255 4082 1444 4170 Salomon,
1464 4080 1526 4182 qui
1544 4106 1566 4154 v
1584 4078 1717 4156 solidos
1731 4105 1817 4153 cum

417 4209 570 4311 eulogiis
586 4210 624 4283 in
645 4210 751 4280 missa
775 4207 887 4280 sancti
908 4207 1006 4278 Petri
1026 4202 1249 4294 reddebant,
1273 4200 1371 4278 xv⁶'¹¹¹¹
1395 4201 1469 4276 dies
1490 4219 1653 4304 tempore
1670 4203 1812 4292 messis3

416 4333 624 4436 requisitam
642 4357 785 4421 avenae,
806 4329 979 4406 sextarios
998 4355 1067 4418 xv3
1089 4346 1163 4404 etv
1180 4328 1363 4404 denarios.

1015 4576 1059 4635 De
1072 4580 1215 4639 Cortrone.

465 4767 499 4835 3.
519 4760 635 4862 Hujus
651 4760 722 4834 loci
739 4756 958 4833 habitatores
975 4771 1080 4830 eraut
1100 4787 1109 4827 ε
1130 4754 1364 4842 VValterius,
1384 4748 1558 4826 Aclardus
1575 4767 1612 4827 et
1630 4748 1814 4839 Aelulfus3

416 4882 605 4960 solvebant
628 4885 665 4956 in
693 4908 803 4956 ceusu
829 4879 964 4956 solidos
982 4895 1065 4954 un⁰¹
1081 4895 1119 4954 et
1138 4877 1306 4954 denarios
1326 4886 1436 4952 v111‘0.
1467 4875 1610 4953 Eorum
1638 4873 1814 4975 quisque,
