4462 6120
737 752 775 825 S.
799 752 942 825 PETRI
967 747 1306 822 CARNOTENSIS.
1669 751 1715 822 39

325 894 523 971 corvedam.
557 897 754 971 Solvebant
789 897 946 974 solidum
973 925 982 969 1
1012 913 1049 969 et
1076 893 1276 968 denarium.
1303 893 1441 993 Caplim
1468 896 1570 968 omni
1599 922 1715 986 anno;

325 1018 467 1092 carrada
485 1047 556 1094 una
572 1039 608 1094 et
625 1023 843 1123 carrigium3
865 1021 983 1122 pullos
996 1037 1068 1092 tres
1084 1045 1167 1092 cum
1185 1019 1275 1092 ovis.
1296 1016 1392 1091 Rada
1411 1044 1499 1092 vero
1516 1017 1671 1092 solidum
1689 1045 1715 1092 1.

324 1143 525 1216 Teotardus
540 1155 622 1216 ιιικπ
634 1142 812 1219 denarios.
831 1147 1056 1218 Leotrannus
1070 1139 1297 1214 tantundem.
1313 1141 1384 1214 Pro
1402 1142 1479 1240 riga
1495 1139 1717 1215 hibernatica

325 1264 481 1338 solidum
494 1291 505 1337 1
518 1283 554 1338 et
571 1265 776 1341 dimidium.
792 1269 833 1340 ln
849 1283 976 1342 monte
995 1265 1136 1339 Cenoso
1153 1265 1267 1336 mansi
1286 1262 1360 1338 duo
1377 1261 1422 1337 de
1439 1277 1532 1336 terra
1550 1263 1689 1337 arabili.

377 1487 435 1535 12.
450 1464 536 1534 Haec
548 1465 670 1537 omnia
683 1491 766 1565 quae
782 1464 954 1565 proposui
968 1479 1005 1536 et
1020 1463 1088 1534 alia
1102 1462 1179 1536 loca
1193 1461 1349 1562 plurima
1364 1457 1409 1533 ab
1422 1461 1583 1562 antiquis
1596 1485 1721 1535 mona-

326 1583 401 1656 chis
415 1600 499 1656 sunt
511 1611 667 1683 possessa
680 1601 717 1659 et
730 1583 865 1673 habita,
882 1584 941 1658 sed
952 1583 995 1657 de
1008 1583 1141 1684 quibus
1154 1584 1263 1683 periit
1276 1583 1482 1657 litterarum
1494 1584 1644 1672 noticia,
1659 1600 1721 1655 aut

325 1706 542 1806 negligentia
552 1705 730 1780 oblivioni
745 1704 910 1796 tradidit,
927 1733 965 1780 ea
974 1704 1121 1808 quidem
1131 1705 1289 1779 scribere
1303 1705 1531 1807 lloccipendi.
1545 1709 1722 1779 Tantum·

325 1827 435 1903 modo
454 1827 497 1901 de
516 1828 650 1929 quibus
667 1830 873 1904 litterarum
897 1832 1004 1903 series
1028 1846 1169 1902 certum
1191 1856 1250 1901 me
1274 1827 1449 1918 reddidit,
1469 1829 1525 1902 vel
1544 1855 1719 1930 sempera

326 1950 531 2023 substitutis
544 1951 682 2025 clericis
700 1968 785 2023 sunt
803 1977 979 2051 possessa,
999 1979 1067 2048 pro
1085 1949 1235 2026 modulo
1253 1952 1352 2023 tenui
1369 1953 1505 2051 ingenii
1520 1954 1590 2025 mei
1609 1977 1723 2025 mem-

326 2072 449 2145 branis
466 2080 622 2147 inserere
638 2073 778 2163 studui,
797 2101 844 2148 nc
861 2075 957 2149 forte
979 2074 1094 2149 lector
1111 2073 1208 2146 bunc
1226 2073 1348 2148 locum
1364 2089 1426 2146 aut
1447 2073 1555 2148 fuisse
1575 2075 1723 2176 inopem

322 2222 448 2282 censu,
482 2196 598 2269 fallaci
627 2198 781 2270 aestimet
802 2198 991 2296 opinione.
1018 2198 1135 2271 Locus
1161 2194 1318 2297 denique
1344 2197 1405 2298 qui
1432 2196 1566 2272 Boscus
1582 2196 1724 2271 Medius

323 2336 555 2417 noncupatur
572 2336 608 2393 et
626 2321 787 2418 cingitur
800 2347 818 2390 a
835 2319 1107 2418 septentrionali
1122 2333 1224 2419 parte
1236 2317 1329 2390 saltu
1343 2344 1420 2391 non
1434 2319 1599 2408 modico,
1615 2335 1723 2421 atque

323 2439 368 2512 ab
383 2443 526 2514 australi
541 2460 642 2541 parte
654 2441 775 2517 rivulo
789 2440 937 2529 Ederae,
954 2467 1095 2540 semper
1112 2439 1275 2514 babuisse
1286 2440 1405 2514 fertur
1417 2441 1463 2512 ab
1477 2439 1530 2513 bis
1548 2442 1610 2543 qui
1625 2440 1723 2514 bunc

324 2561 446 2637 locum
469 2581 673 2639 noscuntur
697 2565 865 2639 tenuisse.
893 2565 1109 2637 Tenuerunt
1135 2565 1244 2638 etiam
1272 2565 1310 2636 in
1339 2565 1527 2638 territorio
1549 2563 1721 2638 Vilcasini

324 2685 554 2761 GenetVillae
565 2688 712 2759 terciam
722 2703 876 2787 partem,
887 2714 997 2788 quam
1008 2688 1131 2786 regina
1142 2687 1375 2774 sanctissima,
1389 2686 1723 2774 nomineBaltildis,

326 2810 362 2880 in
391 2808 508 2880 tribus
537 2808 699 2908 partibus
724 2807 892 2895 divisam,
920 2835 1031 2881 unam
1057 2807 1224 2911 quidem,
1244 2837 1313 2909 pro
1337 2809 1451 2909 gloria
1470 2825 1618 2882 reternae
1639 2810 1724 2882 vitae

235 2930 237 2934 ⁴
325 2930 569 3030 adipiscenda,
587 2929 671 3003 huic
684 2931 852 3004 aecclesiae
869 2929 964 3003 beati
979 2932 1076 3003 Petri
1090 2931 1339 3031 apostolorum
1355 2932 1530 3033 principis
1546 2930 1722 3019 contulit3

327 3053 431 3125 aliam
461 3079 607 3154 quoque
638 3051 913 3126 Gemmeticensi
941 3054 1118 3152 aecclesiae}
1134 3054 1237 3125 almae
1267 3055 1393 3126 Matris
1423 3055 1592 3140 Domini,
1619 3072 1727 3156 atque

327 3177 475 3248 terciam
486 3175 580 3247 beati
595 3175 762 3274 Remigii,
771 3177 970 3249 Remorum
984 3172 1257 3274 archicpiscopi,
1267 3173 1423 3247 basilioae
1436 3174 1561 3247 usibus
1570 3174 1727 3248 fratrum

328 3297 568 3397 stipendiariis
584 3296 773 3396 delegavit.
792 3298 877 3369 Pars
896 3322 983 3370 vero
997 3295 1104 3370 beato
1117 3298 1227 3372 Petro
1245 3295 1347 3381 data,
1369 3323 1387 3368 a
1405 3295 1585 3374 Guibcrto
1597 3295 1728 3370 abbate

328 3420 514 3522 quondam
537 3419 740 3519 improvide
757 3418 898 3491 cuidam
919 3419 1028 3492 militi
1046 3436 1082 3493 ct
1098 3418 1242 3494 duobus
1261 3416 1452 3492 heredibus
1471 3421 1545 3492 suis
1563 3425 1600 3492 in
1618 3445 1729 3492 marm

330 3543 433 3616 firma
450 3569 615 3617 concessa
633 3567 705 3615 esse
722 3541 939 3615 dinoscitur.
958 3542 1011 3617 De
1021 3568 1113 3644 qua,
1135 3542 1287 3643 singulis
1309 3543 1436 3628 annis,
1457 3569 1480 3615 v
1498 3540 1602 3618 solidi
1621 3570 1729 3617 num·

329 3692 477 3739 morum
492 3677 663 3739 consuete
682 3663 939 3738 reddebantur.
960 3666 1040 3751 Set,
1061 3666 1131 3738 illis
1152 3665 1196 3739 de
1215 3666 1284 3740 boc
1303 3664 1424 3740 seculo
1449 3664 1727 3754 decedentibus,

331 3815 376 3863 ex
401 3815 534 3889 genere
552 3815 681 3864 corum
701 3786 868 3889 quaedam
894 3802 1082 3876 matrona,
1104 3789 1254 3864 nomine
1285 3787 1437 3876 Addela,
1467 3788 1605 3862 viribus
1623 3804 1730 3888 pote-

332 3927 495 4012 stateque
512 3910 685 3998 subnixa,
706 3937 770 4010 per
786 3911 861 3983 vim
874 3936 954 3982 eam
968 3927 1091 3983 tenere
1108 3909 1279 4012 usquead
1296 3926 1476 3984 senectam
1491 3937 1568 3984 non
1586 3912 1711 3984 timuit
1717 3941 1727 3998 ;

331 4033 447 4110 donec
479 4033 636 4133 obligata
664 4033 777 4132 longo
807 4032 1195 4108 excommunicationis
1228 4032 1395 4122 vinculo,
1427 4032 1602 4133 gehennae
1637 4035 1731 4135 ignis

333 4159 484 4244 timore,
503 4184 585 4229 cum
604 4155 838 4256 cirographo,
863 4155 964 4228 omni
977 4173 1162 4229 annuente
1179 4156 1379 4254 parentela,
1399 4154 1506 4231 beato
1523 4157 1632 4231 Petro
1646 4156 1731 4229 red-

333 4281 448 4356 deret.
470 4282 588 4374 Quam
607 4306 689 4351 cum
708 4278 864 4351 aecclesia
873 4331 884 4366 ,
896 4280 979 4377 jure
997 4275 1228 4366 hereditario,
1249 4277 1325 4349 fere
1343 4279 1598 4379 quinquennio
1616 4281 1732 4379 possi-

333 4405 454 4490 deret,
482 4403 639 4475 surrexit
664 4399 812 4502 quidam
834 4399 956 4486 miles,
972 4398 1178 4473 Gaubertus
1199 4400 1348 4473 nomine
1364 4416 1394 4488 ¹,
1425 4399 1561 4477 habens
1585 4418 1732 4501 neptam

334 4527 517 4627 praedictae
535 4543 732 4611 matronae,
752 4522 797 4594 ab
812 4550 879 4594 usu
893 4550 1081 4597 servorum
1099 4525 1164 4597 Dei
1185 4524 1351 4611 retorsit,
1367 4524 1514 4625 suisque
1528 4522 1652 4598 usibus
1667 4525 1734 4595 im·

335 4676 433 4752 pune
451 4649 655 4748 mancipare
670 4674 748 4722 non
767 4647 902 4719 timuit.
921 4645 1006 4719 Non
1031 4647 1150 4721 solum
1174 4646 1251 4719 baec
1262 4701 1274 4734 ,
1300 4662 1354 4720 set
1373 4663 1409 4721 ct
1427 4646 1494 4720 alia
1513 4646 1668 4747 plurima
1687 4645 1732 4718 ab

380 4933 388 4960 ¹
412 4923 479 4982 Post
496 4921 661 4980 Gaubertus
675 4923 803 4996 nomine,
819 4921 882 4984 cod.
894 4921 917 4982 B
929 4921 1027 4996 addit,
1045 4921 1080 4980 de
1097 4922 1201 4983 Calido
1216 4924 1323 4982 Monte.
