4462 6120
727 722 763 795 S.
786 720 927 793 PETRI
951 717 1290 791 CARNOTENSlS.
1635 717 1704 785 211

323 862 416 959 quit.
447 861 524 954 Qua
548 865 700 963 scripta,
722 882 902 939 vertemus
918 864 1043 937 stilum
1061 864 1105 936 ad
1124 891 1180 937 eas
1202 890 1310 964 quas,
1330 861 1417 934 dum
1434 861 1581 960 penduli
1594 878 1710 934 essent

324 980 489 1055 monachi
507 985 583 1059 siue
600 985 749 1076 abbate,
769 987 972 1061 ediderunt.

673 1242 1035 1334 CAPITULUM
1072 1244 1366 1334 LXXXVII.

728 1493 772 1553 De
785 1496 909 1556 ecelesia
926 1508 1029 1556 sauetae
1043 1495 1143 1554 Mariae
1157 1494 1193 1553 de
1207 1493 1316 1574 Alogia.

379 1750 398 1788 a
416 1722 458 1793 ln
476 1723 625 1795 nomine
641 1740 773 1795 sanctae
787 1739 823 1797 et
840 1721 1035 1796 individuae
1053 1722 1257 1809 Trinitatis,
1277 1722 1391 1793 Patris
1407 1737 1443 1793 et
1455 1720 1536 1792 Filii
1556 1719 1719 1817 etSpiri·
1742 1735 1808 1779 Anno
1822 1730 1892 1778 ¹06⁹-

328 1858 387 1915 tus
411 1843 551 1931 Sancti,
576 1846 641 1945 qui
663 1871 758 1917 unus
778 1863 831 1918 est
852 1847 1087 1919 essentialiter
1103 1863 1140 1917 et
1164 1845 1282 1916 trinus
1297 1842 1559 1942 potentialiter.
1580 1841 1718 1916 Notum

329 1964 585 2038 essevolumus
606 1969 746 2040 cunctis
766 1986 900 2041 sanctae
918 1966 982 2041 Dei
1001 1968 1169 2040 aecelesiae
1187 1964 1375 2053 fidelibus,
1404 1981 1477 2037 tam
1494 1962 1720 2064 presentibus

329 2112 439 2186 quam
453 2085 608 2180 futuris,
626 2116 697 2191 ego
720 2092 956 2179 Teodericus,
981 2090 1143 2164 coeuobii
1165 2091 1277 2161 sancti
1297 2089 1392 2162 Petri
1410 2087 1640 2160 Carnoteusis
1654 2085 1722 2157 ab·

329 2208 411 2299 bas,
427 2213 617 2312 omnisque
633 2215 866 2314 congregatio
883 2212 1147 2288 monachorum
1164 2213 1221 2284 cui
1242 2237 1379 2311 preesse
1392 2210 1531 2297 videor,
1547 2209 1722 2308 quoniam

331 2331 549 2423 Gualterius,
560 2338 788 2435 praenomine
798 2335 934 2423 Infans,
951 2351 1075 2408 sancto
1089 2337 1197 2408 Petro
1208 2335 1456 2434 apostolorum
1464 2332 1639 2432 principi,
1655 2356 1724 2430 pro

331 2457 449 2528 anima
462 2483 523 2528 sua
540 2475 576 2530 et
589 2460 752 2559 conjugis
769 2484 809 2531 ac
827 2475 1019 2557 parentum
1033 2458 1339 2558 dominorumque
1357 2481 1527 2543 suorum,
1543 2453 1725 2554 presbite-

332 2579 429 2651 rium
445 2580 615 2653 aecclesiae
633 2599 765 2654 sanctae
783 2583 927 2665 Mariae,
950 2607 1033 2681 quae
1050 2581 1127 2653 non
1144 2582 1253 2680 longe
1269 2583 1334 2652 sita
1352 2596 1405 2652 est
1424 2607 1442 2650 a
1463 2578 1615 2651 [lumine
1634 2575 1727 2651 Alo·

333 2701 528 2798 giaevillae,
545 2721 581 2776 et
594 2729 702 2776 omne
712 2702 886 2804 quicquid
897 2702 940 2775 ad
953 2705 1072 2802 ipsum
1084 2703 1338 2802 presbiterium
1353 2703 1537 2802 pertinere
1546 2700 1724 2785 noscitur,

336 2840 410 2895 tam
428 2825 465 2895 in
484 2823 594 2897 altare
615 2851 724 2925 quam
745 2828 782 2897 in
804 2823 1016 2912 offerendis,
1036 2825 1249 2924 sepulturis,
1268 2824 1434 2912 decimis,
1455 2827 1536 2922 jure
1551 2838 1728 2921 perpetuo

336 2947 529 3028 concessit,
553 2961 595 3016 ut
621 2943 813 3019 habeamus
833 2961 941 3045 atque
965 2949 1042 3020 sine
1059 2946 1130 3017 ulla
1156 2946 1445 3021 contradictione
1471 2943 1726 3044 possideamus.

336 3071 483 3141 Donum
499 3069 620 3169 itaque
635 3068 739 3167 hujus
757 3068 976 3167 largitionis,
999 3095 1065 3167 per
1081 3094 1261 3139 assensum
1277 3067 1423 3142 domnae
1443 3093 1518 3138 suae
1536 3065 1725 3151 Mabildae,

335 3188 379 3263 de
400 3215 470 3290 qua
496 3189 531 3262 id
551 3190 769 3263 beneficium
797 3191 963 3276 tenebat,
991 3215 1099 3287 super
1121 3189 1231 3260 altare
1255 3190 1367 3259 sancti
1395 3189 1545 3260 Romani
1569 3189 1728 3259 martiris

335 3304 476 3411 posuit,
494 3313 558 3412 qui
577 3337 654 3383 non
673 3313 780 3408 longe
793 3338 812 3381 a
826 3311 952 3381 Braiao
967 3326 1084 3384 castro
1097 3306 1266 3409 ¹apostolo
1280 3311 1459 3407 quaeritur
1472 3326 1508 3382 et
1520 3324 1727 3381 veneratur.

336 3437 447 3533 Cujus
465 3433 560 3506 filius
577 3433 781 3504 Gualterius
803 3431 953 3503 clericus
974 3432 1140 3505 Carnotis
1156 3445 1279 3529 postea
1297 3429 1405 3519 abiit,
1425 3449 1462 3504 et
1482 3455 1527 3504 ex
1546 3430 1670 3504 eadem
1691 3457 1731 3504 re

337 3556 476 3630 donum
492 3581 600 3654 super
616 3555 726 3627 altare
743 3554 855 3626 sancti
872 3554 969 3626 Petri
990 3553 1129 3650 posuit,
1155 3552 1310 3654 indeque
1328 3553 1445 3626 XXX
1465 3553 1600 3628 solidos
1620 3580 1733 3626 num-

339 3703 485 3753 morum
500 3704 519 3751 a
535 3676 642 3752 nobis
655 3680 813 3776 recepit,
830 3703 870 3749 ae
882 3677 989 3748 matri
1002 3702 1075 3747 suae
1087 3676 1118 3750 V
1131 3675 1264 3750 solidos
1278 3678 1315 3749 in
1330 3701 1405 3749 uno
1418 3677 1591 3750 mantello
1608 3692 1732 3774 empto

338 3799 481 3873 detulit.
511 3801 628 3894 Quam
644 3800 881 3873 donationem
897 3797 1060 3900 quisquis
1076 3796 1260 3871 retrahere
1276 3797 1457 3887 voluerit,
1487 3796 1531 3870 ab
1559 3796 1731 3874 omnibus

342 3923 473 4002 sanctis
501 3920 564 3995 Dei
591 3921 943 4011 excommunicatus,
962 3946 1046 3992 cum
1070 3918 1241 3992 omnibus
1264 3920 1412 3992 Domini
1437 3918 1733 4020 crucifigentibus

343 4061 479 4116 etcum
494 4041 583 4116 Juda
600 4042 808 4143 proditore,
829 4044 897 4114 nisi
916 4042 1128 4139 resipuerit,
1149 4041 1188 4111 in
1208 4041 1353 4115 inferno
1370 4057 1505 4138 pereat.
1528 4044 1663 4113 Actum
1680 4055 1734 4113 cst

343 4165 412 4238 boc
440 4165 605 4265 publice,
633 4166 760 4240 Braiao
786 4180 936 4252 castro,
953 4166 1047 4236 intra
1074 4163 1247 4237 horreum
1274 4164 1394 4234 Sancti
1416 4163 1601 4249 Romani,
1635 4187 1733 4237 anno

343 4313 444 4364 nono
460 4289 554 4388 regis
567 4287 744 4387 Philippi,
762 4286 1010 4361 assistentibus
1024 4285 1078 4358 his
1094 4311 1253 4386 quorum
1270 4286 1419 4359 nomina
1433 4282 1732 4383 subscripsimus:

343 4410 527 4487 Bernatdo
542 4409 586 4484 de
601 4411 730 4499 Buslo;
751 4409 929 4484 Landrico
947 4410 990 4482 de
1008 4408 1170 4483 Toriello
1183 4423 1220 4482 et
1233 4406 1378 4496 0done,
1395 4403 1510 4481 fratrc
1523 4432 1607 4493 su03
1619 4405 1737 4479 Gual-

344 4534 439 4609 torio
453 4531 615 4620 luseum,
627 4531 697 4634 vqui
716 4531 810 4604 hanc
826 4530 1061 4605 donationem
1079 4529 1185 4618 fecit;
1207 4528 1363 4605 Radutfo
1381 4528 1597 4630 praeposito,
1616 4525 1738 4600 Gaus-

344 4655 460 4747 frido,
484 4656 655 4742 Raiardo,
675 4654 850 4729 Rainaldo
866 4653 1069 4728 forestario.
1093 4653 1148 4727 Ex
1164 4668 1289 4726 nostra
1306 4667 1409 4751 parte
1429 4648 1637 4724 rGirvanlo
1655 4674 1736 4721 ma-

341 4781 442 4874 jore,
457 4779 653 4853 Laurentio
666 4777 890 4852 cubiculario
896 4805 907 4866 3
926 4775 1128 4860 anmdo,
1147 4774 1223 4850 lilio
1235 4773 1422 4862 Vulmari3
1440 4769 1650 4848 frollando.
1669 4777 1692 4840 u'
