4462 6120
477 728 546 797 152
996 720 1345 834 nonnsrnamn

473 889 615 972 pastum
644 868 813 944 omnihus
837 870 957 968 porcis
983 868 1248 945 monachorum
1273 869 1395 943 Sancti
1422 870 1519 944 Petri
1546 869 1708 945 coenobii
1729 873 1872 948 Carno-

355 1014 357 1019 ·
475 996 604 1083 tensis,
626 994 662 1065 in
681 1017 758 1064 mea
782 990 891 1081 silva,
916 991 993 1066 sine
1016 992 1213 1091 pasnatico.
1234 993 1325 1066 Item
1341 992 1389 1065 do
1407 991 1582 1066 decimam
1601 993 1707 1066 unius
1728 995 1872 1070 molen-

474 1118 550 1190 dini
564 1114 663 1216 quod
674 1115 785 1187 situm
796 1129 849 1189 est
862 1115 899 1189 in
913 1114 1047 1190 Alneto
1055 1145 1066 1205 3
1083 1133 1119 1189 et
1130 1115 1178 1189 do
1190 1114 1366 1190 decimam
1380 1115 1613 1191 denariorum
1627 1141 1721 1217 quos
1733 1118 1872 1218 accipio

379 1260 385 1272 ·
474 1240 517 1314 de
534 1257 637 1340 pastu
653 1265 870 1340 porcorum3
892 1254 928 1313 et
945 1239 1045 1314 dono
1060 1240 1236 1313 decimam
1253 1264 1492 1313 nummorum
1509 1240 1656 1313 mercati
1673 1241 1785 1314 Morti
1796 1238 1873 1315 Vil-

474 1362 561 1436 lare.
581 1363 627 1434 Et
643 1377 685 1434 ut
701 1359 779 1435 haec
797 1387 872 1435 mea
890 1360 1040 1436 donatio
1057 1361 1260 1435 firmissima
1275 1376 1501 1461 permaneat,
1518 1360 1656 1437 domno
1671 1387 1754 1437 mco
1772 1363 1873 1437 Teu-

474 1485 581 1574 doni‚
599 1511 642 1558 ex
657 1488 757 1584 cujus
771 1481 948 1560 beneficio
963 1500 1089 1573 teneo,
1104 1482 1414 1558 corroborandam
1426 1483 1576 1573 tradidi,
1592 1483 1759 1586 filiusque
1772 1509 1872 1560 metas

399 1638 403 1646 ·
474 1607 672 1680 Hisnardus
685 1621 721 1682 et
734 1605 818 1679 filiae
832 1633 922 1680 meae
936 1621 1121 1707 utraeque,
1136 1633 1220 1679 cum
1235 1622 1426 1681 matresua
1443 1606 1640 1697 Albereda,
1658 1608 1872 1683 haecomnia

474 1755 557 1830 quae
573 1729 654 1802 dedi
675 1726 934 1804 consentiendo
952 1746 1181 1821 annuerunt,
1200 1745 1237 1804 et
1252 1729 1449 1804 annuendo
1467 1731 1701 1806 consentiunt
1710 1784 1721 1820 ‚
1742 1747 1779 1806 et
1794 1759 1874 1805 ma·

475 1850 583 1923 nibus
601 1853 759 1952 propriis
778 1850 838 1925 has
855 1852 991 1926 litteras
1012 1851 1365 1942 corroboraverunt3
1383 1868 1480 1928 etex
1497 1851 1568 1927 hoc
1588 1869 1694 1929 testes
1707 1869 1792 1926 sunt
1813 1856 1873 1927 isti
1906 1919 1908 1925 .

475 1973 641 2047 homines
657 1975 721 2076 qui
738 1972 931 2075 subscripti
950 1992 1049 2067 sunt.
1070 1976 1107 2048 Si
1125 1976 1207 2077 quis
1224 2001 1311 2050 vero
1328 1974 1568 2066 adversarius,
1588 1992 1650 2049 aut
1665 1977 1731 2052 Dei
1749 1978 1874 2051 inimi·

476 2123 554 2183 cus,
577 2113 641 2169 aut
664 2096 818 2172 infidelis
835 2099 891 2173 vel
915 2097 1024 2172 falsus
1048 2097 1286 2189 christianus,
1310 2097 1403 2173 hanc
1419 2126 1536 2175 meam
1555 2099 1792 2174 donationem
1813 2126 1875 2175 ca·

475 2218 672 2294 lumniatus
687 2220 819 2311 fuerit,
836 2222 873 2294 in
889 2219 1073 2295 thesauros
1089 2222 1182 2321 regis
1199 2235 1347 2295 centum
1362 2220 1471 2297 libras
1485 2223 1562 2295 auri
1580 2237 1726 2297 coactus
1738 2239 1872 2323 ponat,

476 2357 510 2415 et
526 2357 702 2442 perpetuo
716 2343 971 2435 anathemathe
984 2348 1058 2444 ejus
1072 2344 1264 2419 damnetur
1280 2345 1418 2433 anima,
1435 2360 1472 2419 et
1486 2369 1571 2418 cum
1584 2344 1725 2418 Dathan
1740 2361 1776 2422 e't
1786 2345 1876 2420 Abi·

476 2488 545 2537 ron
561 2466 715 2539 omnino
728 2482 864 2566 pereat.
880 2467 918 2539 S.
937 2465 1135 2557 Teudonis,
1151 2495 1195 2541 ex
1209 2471 1309 2566 eujus
1320 2464 1499 2540 beneficio
1509 2483 1575 2541 est.
1590 2467 1628 2539 S.
1641 2465 1793 2558 lsnardi,
1809 2472 1873 2568 qui

476 2584 569 2659 banc
583 2586 818 2660 donationem
830 2587 929 2661 fecit.
951 2588 988 2660 S.
1005 2587 1208 2676 Alheredae,
1226 2589 1349 2661 uxoris
1363 2590 1451 2686 ejus.
1473 2587 1511 2659 S.
1527 2588 1679 2679 lsnardi,
1699 2588 1764 2662 filii
1781 2594 1870 2688 ejus.

477 2709 514 2781 S.
540 2706 749 2797 Columbae,
773 2708 857 2780 filiae
880 2711 968 2806 ejus.
999 2709 1037 2778 S.
1057 2705 1306 2806 Aremhurgis.
1334 2707 1372 2779 S.
1392 2706 1568 2780 liodberti
1587 2708 1683 2781 Rufi.
1704 2711 1810 2811 Ilugo
1830 2709 1877 2786 de

475 2832 558 2903 Mor
586 2828 964 2905 Villare.⁸Bald1·icus.
997 2827 1208 2902 Mascelinus
1239 2827 1284 2900 de
1313 2826 1432 2900 Curba
1458 2828 1565 2904 Villa.
1594 2828 1807 2905 Gaosfridus
1832 2832 1876 2907 de
2004 2831 2009 2838 ’

477 2955 600 3052 Longa
618 2954 733 3024 Luna.
755 2950 937 3023 Guarinus
952 2949 996 3022 de
1014 2950 1141 3023 Puteo.
1168 2947 1346 3023 Arroldus
1367 2949 1412 3024 de
1436 2950 1562 3025 Croto.
1584 2951 1784 3026 Richardus
1800 2955 1877 3028 fra-

478 3090 545 3149 ter.
567 3073 745 3149 Rodulfus
762 3075 806 3148 de
824 3072 976 3148 Calloet.
998 3074 1054 3145 Ex
1073 3073 1208 3148 nostris
1225 3101 1234 3142 ε
1252 3072 1474 3164 Bernardus,
1492 3073 1588 3148 filius
1607 3075 1771 3151 Vulmari
1780 3106 1792 3165 ς
1811 3077 1877 3150 Al-

475 3197 616 3290 hertus,
634 3196 768 3286 Frodo‚
785 3195 987 3297 Stephanus
1002 3195 1188 3287 Gualoius,
1209 3194 1385 3268 Ernulfus
1397 3195 1533 3284 Rufus3
1555 3196 1764 3291 Rainaldus‚
1780 3197 1876 3272 filius

476 3324 569 3420 ejus3
589 3318 826 3410 Fulcbardus3
845 3318 1068 3410 Tescelinus,
1084 3317 1179 3392 filius
1194 3317 1388 3419 Hildegarii
1396 3348 1408 3410 3
1424 3318 1601 3394 arnulfus
1613 3320 1740 3423 Niger,
1755 3320 1877 3396 Giral-

475 3440 541 3514 dus
561 3467 680 3515 cocus.
701 3472 718 3509 n
1636 3471 1639 3477 ·

870 3577 1241 3669 CAPITULUM
1276 3578 1477 3668 XXVII.

964 3829 1008 3889 De
1022 3841 1097 3889 terra
1113 3827 1267 3890 Gausberti
1282 3822 1377 3890 Villae‘.

531 4091 548 4127 n
569 4061 611 4132 ln
640 4061 789 4133 nomine
813 4076 945 4135 sanctae
967 4079 1003 4135 et
1022 4062 1217 4136 individuae
1238 4061 1442 4134 Trinitatis.
1461 4059 1601 4135 Notum
1617 4087 1691 4137 esse
1707 4062 1876 4137 volumus

478 4181 649 4256 omnibus
673 4183 806 4256 Christi
833 4183 1017 4277 fidelibus,
1039 4202 1114 4260 tam
1132 4183 1373 4286 praesentibus
1389 4210 1499 4285 quam
1514 4183 1668 4274 futuris,
1690 4211 1756 4286 ego
1780 4188 1877 4260 Ian-

478 4306 618 4400 dricus,
644 4308 757 4408 gratia
780 4308 845 4382 Dei
867 4308 997 4400 abbas,
1028 4312 1219 4411 omnisque
1244 4324 1446 4383 conventus
1470 4307 1736 4384 monachorum
1754 4310 1875 4383 Sancti

478 4431 575 4502 Petri
607 4428 769 4503 coenobii
796 4430 1049 4522 carnotensis,
1075 4433 1230 4534 qualiter
1252 4449 1381 4506 nostro
1408 4432 1490 4507 loco
1516 4432 1596 4505 data
1622 4431 1873 4523 firmittem,

478 4580 588 4652 quam
604 4552 787 4652 possidere
803 4553 969 4627 videmur
988 4556 1026 4628 in
1043 4553 1234 4629 Gausberti
1251 4554 1365 4644 Villa,
1385 4581 1404 4626 a
1421 4554 1579 4656 quodam
1592 4554 1710 4629 milite
1726 4571 1763 4629 et
1778 4555 1876 4630 claro

479 4702 612 4777 genere
622 4729 632 4765 ,
654 4674 835 4749 Richardo
850 4679 1019 4769 nomine,
1040 4678 1096 4754 vel
1111 4678 1267 4779 qualiter
1285 4703 1450 4752 concessa
1467 4679 1514 4750 sit
1531 4703 1551 4749 a
1569 4674 1798 4752 nobilissimo
1815 4704 1877 4753 co·

479 4801 567 4873 mite
585 4799 821 4872 Normanniae
835 4798 1062 4893 VVillelmo,
1082 4828 1143 4876 seu
1160 4828 1180 4874 a
1197 4799 1373 4875 fratribus
1389 4799 1583 4900 supradicti
1602 4799 1747 4889 militis,
1763 4799 1878 4875 VVil-

480 4922 591 5001 lelmo
609 4912 745 4997 scilicet
762 4938 869 5027 atque
887 4925 1076 5029 Balduino.
1101 4930 1141 5004 ln
1163 4952 1261 5004 anuo
1279 4924 1391 5026 igitur
1408 4951 1487 5029 quo
1504 4923 1650 5000 finitum
1670 4951 1743 5001 esse
1763 4925 1877 5000 inses-
