4462 6120
469 724 537 792 16AE
983 714 1331 792 MONASTERIUM
1355 656 1361 666 ¹

465 865 711 955 aecclesiaeseu
729 864 896 936 cimiterii
920 878 992 936 tres
1010 862 1203 960 aripennos
1223 879 1331 937 terrae
1342 915 1353 951 ‚
1373 864 1410 935 in
1433 857 1554 935 eadem
1571 861 1675 950 villa,
1698 859 1859 935 libenter

465 985 644 1075 tribuam,
662 1001 843 1059 reservato
861 982 928 1057 sibi
947 985 1030 1058 loco
1050 999 1189 1058 mutato
1207 985 1389 1057 aecelesiae.
1410 984 1504 1078 Quia
1522 1010 1609 1058 vero
1626 981 1671 1055 ab
1690 983 1859 1083 apostolo

465 1107 639 1204 scriptum
654 1131 727 1178 esse
743 1104 870 1192 audio,
890 1105 1044 1177 hilarem
1060 1106 1226 1178 dotorem
1242 1106 1368 1206 diligit
1384 1107 1508 1193 Deus,
1527 1130 1640 1204 augeo
1656 1104 1741 1176 huic
1757 1103 1858 1178 dono

464 1227 644 1329 quendam
665 1254 787 1300 meum
805 1227 977 1316 militem,
1001 1229 1150 1301 nomine
1170 1229 1343 1301 Stabilem
1353 1281 1366 1316 ,
1391 1254 1475 1301 cum
1497 1244 1593 1300 terra
1613 1253 1675 1301 seu
1691 1227 1856 1310 decima,

464 1374 573 1449 quam
589 1375 634 1422 ex
651 1375 733 1423 meo
751 1349 928 1423 beneficio
946 1350 983 1421 in
1003 1348 1128 1424 eodem
1147 1350 1229 1424 loco
1247 1348 1406 1424 tenebat.
1426 1346 1547 1421 Abbas
1571 1351 1692 1449 itaque
1714 1363 1751 1420 et
1772 1355 1858 1421 m'o·

464 1469 588 1558 nachi,
607 1498 676 1569 pro
695 1472 771 1543 istis
787 1469 913 1558 rebus,
932 1472 1195 1571 quinquaginta
1215 1470 1347 1545 solidos
1364 1496 1600 1545 nummorum
1618 1467 1727 1541 michi
1747 1467 1860 1540 dode-

465 1607 553 1662 runt
570 1592 727 1664 caritatis
740 1591 853 1665 dono.
869 1592 969 1663 Hanc
984 1606 1104 1664 autem
1123 1591 1315 1677 cartulam,
1335 1588 1548 1664 nominibus
1563 1589 1722 1686 propriis
1736 1611 1861 1661 corro-

464 1709 649 1800 boratam,
668 1714 695 1784 si
719 1715 800 1812 quis
820 1713 1023 1785 contrarius
1046 1727 1181 1785 nostrae
1205 1712 1308 1783 saluti
1331 1710 1522 1811 suggillare
1545 1708 1738 1809 aliquando
1757 1708 1860 1779 nisus

466 1834 593 1920 fuerit,
613 1860 696 1905 cum
714 1831 853 1906 Dathan
872 1849 908 1907 et
925 1831 1066 1906 Abiron
1081 1833 1228 1932 ignibus
1244 1831 1420 1933 gebennoe
1436 1832 1628 1931 subjaceat.
1648 1831 1789 1930 Scripta
1804 1845 1860 1902 cst

466 1952 620 2052 denique
638 1955 809 2028 Hainrico
831 1978 915 2050 rege
936 1970 1132 2050 regnante,
1157 1954 1194 2025 in
1213 1955 1340 2026 eodem
1361 1979 1457 2027 anno
1483 1978 1559 2052 quo
1580 1951 1777 2024 substituit
1790 1948 1860 2022 sibi

468 2076 504 2146 in
532 2101 646 2174 regno
667 2073 905 2174 Phylippum,
926 2073 1178 2147 lilium'suum.
1190 2171 1192 2175 v
1206 2077 1243 2147 S.
1263 2074 1423 2166 odonis,
1439 2076 1502 2175 qui
1521 2073 1613 2145 hanc
1626 2072 1861 2149 donationem

466 2198 565 2269 fecit.
582 2197 619 2269 S.
630 2197 899 2296 Ermengardis,
912 2198 1035 2270 uxoris
1046 2200 1133 2294 ejus.
1154 2198 1192 2269 S.
1203 2196 1415 2297 Avesgaudi,
1431 2198 1574 2295 nepotis
1584 2200 1671 2295 ejus.
1687 2196 1725 2266 S.
1736 2194 1858 2267 Ervei.

468 2319 681 2418 S.Hugonis
703 2317 747 2392 de
772 2318 999 2392 Barzilleriis.
1031 2319 1067 2389 S.
1082 2318 1249 2392 Herberti
1273 2318 1318 2391 de
1345 2321 1481 2393 Teonis
1505 2318 1612 2392 Villa.
1633 2321 1687 2390 Ex
1707 2332 1828 2390 nostra
1851 2348 1860 2388 :

467 2438 687 2537 Stephanus,
706 2422 899 2528 Ernulsus,
919 2437 1117 2528 Fulcbdus,
1139 2440 1365 2529 Tescelinus‚
1379 2440 1612 2513 Gauscelinus
1626 2439 1670 2512 de
1687 2441 1863 2539 Fragante

467 2559 574 2634 Villa.
593 2591 611 2629 n

863 2696 1194 2822 *urrunnun
1229 2697 1454 2786 xxxin.

813 2948 856 3007 De
877 2949 1008 3008 ccclesiae
1032 2969 1118 3007 censu
1139 2948 1266 3008 salicioli
1288 2961 1316 3007 et
1340 2961 1414 3007 terra
1438 2948 1514 3006 dats.

264 3198 326 3244 nne
337 3214 357 3243 a.
374 3199 443 3247 soso.
518 3172 588 3243 «ln
602 3173 751 3247 nomine
763 3191 941 3246 sanetaeet
955 3174 1369 3264 individuse'Tsinitatis‚
1384 3176 1499 3248 Patris
1511 3190 1548 3248 et
1561 3173 1642 3245 Filii
1657 3189 1694 3246 et
1705 3174 1862 3273 Spiritus

468 3293 602 3366 Sancti.
622 3293 756 3367 Omnes
779 3296 817 3366 in
840 3293 984 3371 Christo
1005 3314 1169 3385 renatos,
1188 3298 1326 3397 quique
1342 3298 1381 3368 in
1403 3297 1480 3394 ipso
1497 3295 1556 3395 pie
1573 3295 1693 3368 vivere
1709 3293 1861 3383 volunt,

467 3441 608 3514 semper
625 3418 785 3491 intentos
806 3443 879 3490 esse
898 3416 1092 3505 condecet,
1112 3433 1154 3489 ut
1172 3418 1328 3491 maculas
1345 3433 1500 3491 terrenae
1517 3418 1769 3517 contagionis,·
1781 3442 1863 3516 quae

467 3534 534 3607 sibi
552 3538 668 3609 carnis
681 3537 918 3613 delectatione
935 3538 1167 3628 adheserunt,
1185 3539 1401 3639 poenitendo
1411 3538 1593 3627 defleant,
1613 3554 1650 3611 et
1664 3540 1789 3611 sutura
1807 3564 1864 3610 ce·

467 3675 574 3731 veant
582 3712 593 3747 ,
612 3685 757 3760 seseque
773 3659 958 3734 bonorum
971 3688 1124 3762 operum
1138 3665 1276 3736 sincera
1290 3663 1475 3736 voluntate
1488 3659 1693 3734 adherendo
1711 3663 1864 3759 oonjun·

466 3795 572 3875 gant,
592 3806 631 3852 ac
647 3797 726 3854 toto
740 3782 824 3855 nisu
835 3783 1044 3859 Conditoris
1056 3787 1258 3884 jussionem
1274 3802 1472 3884 sequantur
1486 3783 1641 3856 dicentis
1660 3813 1669 3854 ε
1689 3782 1767 3880 Qui
1775 3782 1864 3855 nti-

467 3903 584 3996 querit
602 3929 732 4000 agrum
749 3903 810 3976 uel
824 3905 993 3994 domum,
1018 3933 1081 3980 seu
1103 3906 1214 3978 aliud
1231 3904 1379 4004 aliquid
1398 3907 1436 3975 in
1453 3903 1697 3991 hosmundo,
1711 3920 1865 4004 propter

467 4045 540 4108 me,
561 4023 769 4122 centuplum
785 4026 823 4096 in
828 4027 962 4120 ficturo
975 4029 1152 4123 αοοίρίοι,
1171 4050 1219 4097 nc
1231 4028 1350 4096 vitam
1369 4040 1544 4095 cetemam
1556 4025 1629 4095 late
1639 4021 1860 4124 possidebit.

466 4140 544 4213 Hoc
565 4165 632 4239 ego
657 4140 904 4217 dulcissonum
926 4144 1059 4217 Christi
1084 4144 1272 4244 eulogium
1290 4143 1410 4241 patula
1436 4169 1541 4232 aure,
1570 4149 1663 4216 Urso
1688 4145 1860 4230 nomine,

466 4261 627 4351 auriens,
646 4288 717 4334 una
735 4290 817 4335 cum
836 4292 1015 4340 consensu
1029 4265 1156 4340 domni
1174 4266 1244 4337 mei
1263 4263 1468 4352 VValterii,
1492 4264 1558 4336 filii
1575 4265 1718 4340 Viviani
1729 4301 1748 4351 ‚·
1763 4268 1863 4362 cnjus

466 4379 681 4455 beneficium
703 4401 848 4460 actenus
872 4405 993 4461 tenere
1014 4389 1111 4460 visus
1135 4414 1237 4474 sum,
1263 4411 1410 4459 censum
1438 4386 1603 4461 videlicet
1629 4385 1862 4486 aecclesiep..dc
1985 4431 1988 4434 ⁴

466 4503 654 4593 Saliciolo,
678 4532 823 4581 necnon
845 4526 881 4581 et
901 4505 1063 4582 XX²¹lll¹
1079 4514 1206 4610 jugera
1232 4526 1359 4596 terras,
1378 4511 1482 4612 juxta
1511 4508 1622 4606 ipsam
1643 4507 1860 4603 aecclcsiam,

465 4624 509 4697 ad
521 4628 738 4706 orientalem,
747 4630 887 4729 plagam
902 4631 1025 4720 sitam,
1044 4647 1112 4732 pro
1130 4630 1243 4704 salute
1257 4631 1387 4703 animae
1400 4655 1490 4703 meoe
1504 4644 1542 4702 ct
1556 4645 1749 4728 parentum
1765 4655 1861 4703 mco·⁴

466 4773 569 4837 rum,
587 4751 720 4828 Sancto
735 4753 843 4829 Petro
856 4753 1016 4827 coenobii
1031 4754 1262 4843 carnotensis
1270 4806 1281 4841 ,
1297 4751 1496 4828 donatione
1507 4751 1644 4859 diivta
1652 4804 1664 4839 ,
1679 4749 1862 4844 conoed03

466 4885 509 4941 ut
514 4922 532 4979 ,Ι
550 4873 652 4948 nullo
670 4900 831 4974 unquam
848 4877 970 4952 in'evo
980 4930 991 4966 ,
1011 4876 1133 4978 aliquo
1149 4875 1282 4964 modo,
1304 4873 1349 4947 ad
1368 4874 1483 4947 ullum
1500 4872 1674 4948 heredum
1693 4897 1861 4948 meorum
