4462 6120
471 723 539 792 162
985 726 1330 803 Moutsreutuut

466 867 559 941 simo
581 893 666 967 rege
686 869 861 957 Henrico3
885 871 1044 945 secundo
1057 893 1156 948 anno
1172 889 1255 972 post
1274 872 1412 948 bellum
1434 893 1510 972 quo
1530 885 1655 969 captus
1676 881 1730 940 est
1752 862 1854 939 Ted-

466 985 612 1077 baldus,
643 1013 762 1065 comes
788 990 989 1089 palatinus,
1019 1020 1038 1064 a
1069 995 1203 1067 comite
1231 992 1502 1094 Andegavensi,
1531 987 1724 1066 Gautlrido
1752 986 1853 1058 Mar-

467 1107 567 1183 tello.
586 1139 604 1176 u
1738 1129 1741 1133 '

900 1247 1216 1340 elrtruuuu
1250 1251 1435 1341 xxxv.

866 1497 981 1578 Emptis
995 1513 1075 1558 terrae
1091 1500 1231 1559 Gualtcrii
1247 1513 1276 1560 et
1290 1500 1454 1561 Gusrnerit.

518 1753 536 1788 u
553 1724 593 1793 ln
612 1725 760 1797 nominc
776 1741 908 1797 sanctae
921 1743 958 1797 et
971 1726 1166 1799 individuae
1179 1729 1387 1814 Trinitatis,
1405 1726 1521 1799 Patris
1532 1739 1569 1798 ct
1584 1723 1664 1796 Filii
1684 1738 1721 1794 et
1738 1721 1855 1821 Spiri-

467 1860 524 1913 tus
550 1844 683 1917 Sancti.
707 1847 786 1945 Ego
808 1846 1005 1920 Landricus
1017 1902 1028 1937 ,
1057 1850 1169 1948 gratia
1193 1852 1282 1938 Dei,
1307 1848 1415 1922 abbas
1431 1847 1593 1922 coenobii
1611 1845 1733 1917 Sancti
1755 1843 1853 1916 Petri

467 1967 712 2054 carnotensis,
734 1970 833 2069 quod
849 1968 1018 2044 decenter
1034 1989 1070 2043 et
1091 1971 1311 2062 honorilice,
1335 1999 1410 2047 non
1434 1973 1543 2071 longe
1562 1968 1607 2042 ab
1631 1969 1740 2067 ipsius
1761 1967 1855 2038 ciri·
1892 1958 1896 1963 ’

467 2088 547 2158 tatis
569 2104 673 2186 porta
697 2113 779 2189 quae
800 2106 951 2166 vocatur
973 2093 1164 2180 Cinerosa,
1189 2095 1317 2192 priscis
1339 2091 1563 2192 temporibus
1586 2091 1695 2162 situm
1716 2103 1787 2175 est,
1815 2088 1854 2159 lu

465 2236 539 2310 quo
555 2236 631 2283 nou
644 2210 784 2285 modica
798 2211 1060 2287 monachorum
1078 2215 1330 2314 congregatio,
1349 2212 1547 2286 secundum
1564 2211 1724 2309 regulam
1740 2209 1853 2280 sancti

464 2330 649 2406 Benedicti
673 2359 713 2406 ac
736 2333 892 2407 aliorum
917 2335 1199 2431 praecedentium
1222 2351 1366 2434 patrum
1384 2332 1566 2432 exempla,
1590 2333 1649 2430 pie
1669 2331 1793 2404 vivens
1815 2329 1853 2401 in

465 2452 605 2548 hym'nis
620 2471 657 2526 et
671 2455 819 2526 canticis
834 2453 1076 2553 spiritalibus,
1097 2457 1227 2531 intimo
1245 2455 1363 2529 cordis
1381 2457 1511 2528 affectu
1528 2453 1699 2553 pervigil,
1717 2469 1855 2526 oetern-

463 2600 618 2673 rumque
639 2577 819 2648 virtutum
839 2576 945 2650 claris
960 2576 1132 2652 adornata
1147 2576 1368 2677 insignibus3
1385 2576 1507 2676 perdia
1525 2593 1561 2650 et
1578 2559 1717 2673 pernox
1737 2573 1855 2647 tendit

465 2699 536 2784 ire,
554 2696 663 2768 Petro
680 2696 853 2796 praesule,
873 2724 938 2795 per
955 2697 1059 2797 hujus
1078 2699 1203 2770 mundi
1229 2725 1428 2799 numquam
1444 2699 1607 2799 quietum
1624 2696 1787 2796 pelagus,
1808 2696 1854 2768 ad

463 2834 609 2891 aeternae
635 2820 759 2917 patriae
786 2834 934 2918 portum
960 2800 1104 2918 semper*
1121 2844 1310 2894 amoenum
1317 2849 1329 2907 3
1354 2820 1539 2894 Christum
1560 2843 1706 2920 qttoque
1733 2816 1854 2891 sedula

464 2965 569 3037 prece
594 2956 719 3013 exorat
739 2966 806 3037 pro
830 2958 965 3014 cuncto
988 2942 1124 3042 populo
1147 2941 1348 3031 catholico,
1376 2942 1577 3041 specialiter
1598 2965 1685 3016 vero
1708 2939 1854 3039 probis

463 3085 623 3162 «suorum
650 3059 911 3137 beneficiorum
936 3081 1043 3164 atque
1068 3065 1304 3165 largitionum
1325 3065 1535 3163 juvamine,
1568 3066 1605 3137 in
1635 3061 1706 3138 hoc
1732 3061 1853 3162 fragili

465 3184 581 3257 earnis
603 3184 814 3284 gurgustio,
841 3183 929 3257 dum
954 3187 1067 3274 vivit,
1096 3201 1330 3260 sustentatur.
1358 3188 1450 3260 Cum
1477 3184 1560 3274 hac,
1590 3186 1758 3284 inquam,
1786 3207 1854 3282 ego

464 3306 659 3405 praediotus
674 3308 781 3380 abbas
799 3324 928 3383 notum
943 3309 1024 3384 sore
1040 3310 1208 3385 volumus
1225 3312 1365 3383 cunctis
1382 3309 1567 3397 fidelibus,
1589 3325 1662 3379 tam
1678 3307 1854 3405 presentis

463 3455 571 3529 mam
587 3431 732 3503 venturi
748 3432 824 3521 evi,
841 3431 940 3531 quod
954 3431 1101 3531 quidam
1114 3431 1312 3507 monachus
1328 3431 1464 3519 uos‘tcr,
1479 3430 1669 3505 Warinus
1683 3428 1851 3514 nomine,

463 3567 599 3624 nostroe
627 3552 810 3651 cujusdam
833 3552 934 3625 eellae
955 3555 1144 3652 provisor,
1176 3555 1212 3626 in
1238 3553 1371 3628 linibus
1392 3553 1628 3630 normannia
1651 3549 1854 3625 inhonore

464 3672 528 3744 Dei
547 3673 733 3771 genitricis
753 3674 876 3746 Mariae
891 3691 1131 3763 constructae,
1151 3677 1189 3751 in
1207 3676 1288 3749 villa
1305 3704 1385 3776 quae
1401 3676 1510 3775 vulgo
1526 3673 1673 3747 Plancas
1688 3687 1852 3758 vocatur,

463 3821 481 3861 a
500 3794 657 3893 quodam
674 3794 896 3892 presbitero,
915 3800 1065 3871 nomine
1080 3798 1274 3886 Fulberto,
1290 3802 1372 3897 jure
1390 3814 1572 3899 perpetuae
1591 3796 1679 3869 emit
1695 3795 1854 3892 emptio·

464 3915 519 3984 nis
537 3930 688 4004 terram,
707 3915 872 3990 videlieet
888 3917 1063 3992 Gualterii
1082 3918 1126 3993 de
1141 3921 1232 3995 Vico
1250 3935 1456 4020 terramque
1471 3919 1678 3992 Guarnerii.
1696 3917 1771 3990 Pro
1787 3913 1854 3986 bac

463 4061 607 4135 quoque
626 4038 702 4110 XX
719 4038 853 4113 solidos
869 4066 1105 4115 nummorum
1117 4041 1236 4131 dedit,
1254 4069 1324 4142 pro
1336 4042 1446 4116 altera
1464 4057 1537 4116 tres
1552 4040 1664 4115 libras
1677 4062 1855 4112 nummo·

463 4184 558 4229 rum.
578 4161 707 4232 Domni
721 4163 782 4262 qui
787 4189 856 4261 ppc
870 4163 1064 4264 supradicti
1076 4164 1284 4262 presbiteri,
1300 4164 1374 4239 duo
1387 4164 1523 4239 scilicet
1539 4164 1682 4250 fratres,
1696 4158 1856 4236 VVillel·

463 4305 543 4350 mus
567 4279 611 4353 de
632 4284 766 4382 Fsgeto
790 4301 827 4358 et
851 4286 1097 4373 Guimundus,
1124 4304 1165 4360 ut
1183 4285 1268 4360 huic
1285 4287 1487 4361 venditioni
1509 4284 1717 4386 praeberent
1733 4304 1856 4353 meen-

462 4428 555 4490 sum,
568 4403 644 4475 XX
654 4404 799 4495 solidos,
811 4408 1107 4509 mntumdemque
1119 4410 1227 4484 etiam
1236 4408 1510 4485 domnoeorum
1519 4407 1630 4495 dedit,
1643 4399 1854 4480 Guimuudo

462 4524 598 4596 scilicet
618 4526 748 4614 Felici,
775 4531 875 4626 eujus
896 4544 985 4601 tunc
1003 4544 1081 4602 erat
1103 4531 1220 4629 ipsum
1243 4548 1400 4604 casuum
1424 4531 1470 4604 de
1492 4529 1659 4614 Molinis,
1684 4525 1730 4599 de
1752 4525 1855 4620 eujus

462 4644 640 4722 beneficio
656 4648 851 4748 supradicti
868 4649 941 4724 duo
959 4649 1089 4724 fratres
1111 4667 1246 4725 terram
1269 4653 1368 4726 illam
1392 4666 1598 4726 tenuerunt.
1616 4651 1743 4747 ltaque
1749 4666 1762 4732 ς
1780 4660 1855 4717 um

463 4795 481 4837 a
499 4769 700 4866 presbitero
716 4770 922 4870 supradicto
939 4798 1050 4873 quam
1072 4798 1092 4846 a
1112 4774 1259 4851 domnis
1279 4780 1356 4877 ejus
1376 4773 1609 4876 supradictis,
1624 4771 1787 4872 positum
1801 4781 1856 4841 est

462 4888 601 4965 donum
623 4920 729 4994 super
749 4895 859 4970 altare
882 4896 986 4971 almae
1007 4899 1132 4972 matris
1153 4899 1322 4991 Domini,
1345 4898 1552 4975 videntibus
1567 4912 1603 4973 et
1624 4889 1858 4970 audientibus
