4462 6120
423 688 445 753 6
944 686 1292 760 MONASTERIUM

423 857 499 906 non
520 848 687 934 pereant,
710 831 930 932 impiissimae
952 833 1070 932 gentis
1088 831 1340 906 crudelitatem
1362 830 1406 903 td
1428 833 1577 932 propria
1597 830 1716 906 tudine
1731 857 1810 908 uon

424 955 589 1052 permisit
612 956 779 1028 inultam.
808 957 900 1029 Nam
929 957 1077 1045 Franci,
1103 955 1358 1055 undecumque
1385 954 1595 1055 conglobati
1610 970 1637 1044 ¹,
1668 956 1712 1029 ad
1735 973 1811 1031 sta-

423 1077 560 1152 tionem
583 1081 731 1150 navium
747 1080 936 1176 parvenire
951 1093 1191 1165 maturantes,
1211 1075 1476 1150 revertentibus
1494 1077 1565 1150 illis
1581 1105 1665 1150 cum
1687 1079 1812 1179 spoliis

423 1202 565 1287 multis,
593 1200 636 1272 ad
662 1217 755 1273 rates
781 1217 1001 1289 occurrunt,
1034 1201 1190 1301 ilicoque
1212 1199 1381 1274 audacter
1410 1227 1493 1271 cum
1512 1202 1563 1273 eis
1580 1199 1807 1301 confligunt3

420 1348 577 1422 quorum
594 1323 715 1420 primo
739 1323 878 1421 impetu
897 1323 945 1394 ita
964 1324 1033 1396 cesi
1057 1323 1183 1396 cadere
1206 1337 1418 1422 coeperunt,
1437 1339 1480 1393 ut
1499 1324 1537 1394 in
1556 1321 1675 1395 adulta
1694 1321 1811 1396 hieme

420 1471 608 1519 nemorum
634 1443 739 1534 solia,
767 1445 877 1518 llante
900 1448 1037 1535 Borea,
1068 1446 1187 1520 solent
1209 1445 1347 1519 cadere.
1376 1444 1526 1519 Videres
1548 1471 1609 1518 eos
1632 1444 1809 1546 denique,

418 1568 533 1666 prisca
546 1565 736 1640 ferocitate
747 1565 927 1664 deposita,
944 1568 1031 1642 alios
1048 1568 1196 1668 quidem
1212 1566 1256 1640 ad
1274 1566 1475 1641 necandum
1492 1592 1566 1640 sese
1581 1569 1618 1639 in
1638 1566 1807 1654 flumine,

419 1686 596 1763 vocabulo
609 1688 715 1775 Diva,
730 1689 979 1789 praecipitare,
994 1689 1083 1762 alios
1100 1716 1188 1765 vero
1205 1691 1382 1762 incassum
1398 1689 1442 1761 ad
1460 1703 1553 1761 rates
1566 1688 1763 1788 confugere
1775 1705 1812 1761 et

420 1811 570 1910 pedibus
588 1837 767 1911 equorum
784 1811 1038 1887 miserabiliter
1054 1814 1283 1900 conculcari,
1299 1812 1496 1913 gladiisque
1517 1810 1812 1912 persequentium

419 1931 623 2021 confodiri3
645 1934 693 2005 ita
718 1950 758 2007 ut
775 1961 818 2008 ex
840 1935 900 2008 illa
921 1951 1020 2009 tanta
1036 1935 1273 2009 multitudine
1294 1937 1353 2008 vix
1377 1936 1479 2034 pauci
1507 1935 1654 2007 evasisse
1672 1933 1812 2006 inveni·

418 2070 548 2129 rentur
563 2056 600 2127 in
619 2057 824 2156 captivitate
839 2055 1008 2131 ducendi.

468 2278 514 2351 V.
535 2279 640 2351 Dux²
663 2296 785 2355 autem
800 2308 928 2356 eorum
946 2281 1120 2382 Astiugus
1137 2281 1348 2369 vocabatur,
1366 2281 1430 2381 qui
1449 2294 1596 2382 qutautae
1611 2277 1813 2352 dolositatis

418 2401 474 2471 vir
490 2398 622 2489 suerit,
642 2427 686 2474 ex
703 2429 776 2476 uua
790 2402 893 2476 reah
910 2406 988 2503 ipso
1008 2402 1102 2477 sacta
1127 2406 1305 2504 assignare
1328 2404 1530 2476 curavimus
1550 2429 1559 2469 ε
1585 2401 1615 2472 is
1636 2423 1809 2499 namque,

419 2546 516 2593 mare
535 2524 706 2624 navigans
721 2541 904 2625 terrasque
916 2526 1089 2625 plurimas
1106 2525 1346 2626 depopulans,
1366 2526 1409 2598 ad
1426 2527 1630 2597 Lunensem
1646 2522 1813 2620 pervenit

417 2643 582 2735 urbem⁸,
596 2647 657 2747 qui
673 2674 750 2720 eam
768 2647 929 2748 undique
946 2647 1187 2748 perlustrans,
1203 2675 1287 2721 cum
1299 2646 1400 2720 valde
1413 2646 1693 2719 munitissimam
1705 2640 1812 2714 vidis·

417 2780 488 2854 set,
515 2766 670 2868 quadam
695 2767 885 2843 dolositate
911 2786 1105 2870 concepta,
1130 2797 1207 2845 uon
1223 2771 1259 2842 vi
1282 2787 1335 2844 set
1355 2767 1548 2869 strophoso
1569 2765 1656 2839 ludo
1672 2764 1813 2865 delegat

416 2913 554 2987 capere.
570 2891 729 2991 Fingens
749 2916 838 2991 ergo
858 2916 894 2964 se
912 2905 1110 2992 aegrotare,
1132 2891 1234 2964 urbis
1254 2893 1455 2966 antistitem
1473 2890 1518 2963 ad
1536 2915 1572 2962 se
1596 2888 1809 2977 accersiens,

415 3012 601 3085 summissa
611 3039 698 3088 voce
707 3015 948 3112 petit,sesacri
958 3015 1181 3116 baptismatis
1192 3015 1479 3116 undaapeccatis
1488 3012 1641 3099 ablui,et
1651 3037 1734 3083 eum
1742 3009 1809 3083 sibi

415 3134 602 3231 patrinum
618 3134 712 3223 fieri,
724 3163 760 3209 se
777 3135 820 3208 ad
835 3163 993 3236 praesens
1011 3137 1146 3224 emori;
1165 3137 1405 3238 quamobrem
1425 3163 1444 3208 a
1461 3135 1564 3208 malis
1580 3160 1662 3234 quae
1678 3131 1813 3206 feoerat

417 3255 548 3329 intimo
573 3255 686 3330 corde
703 3260 866 3356 penitere
888 3286 928 3332 ac
952 3276 1033 3335 toto
1051 3259 1160 3334 corde
1181 3259 1225 3332 ad
1247 3258 1430 3332 Christum
1449 3256 1634 3344 converti,
1654 3253 1811 3329 Diabolo

414 3393 449 3449 et
466 3380 598 3478 ponpis
616 3382 691 3478 ejus
707 3379 798 3453 velle
814 3405 850 3453 se
867 3381 1150 3470 abrenonciare,
1168 3382 1342 3482 quatinus
1362 3379 1420 3453 vel
1443 3380 1482 3452 in
1506 3393 1626 3451 morte
1647 3392 1812 3449 sanctum

415 3500 595 3573 lavacrum
607 3518 835 3589 consecutus,
853 3501 1001 3575 evadere
1013 3503 1187 3603 quivisset
1195 3527 1323 3601 poenas
1335 3500 1483 3573 inferni.
1501 3500 1612 3598 Cujus
1623 3498 1729 3571 dictis
1745 3524 1813 3571 an-

415 3624 533 3712 tistes,
556 3638 720 3695 actutum
743 3623 930 3710 credulus,
954 3626 1032 3697 sine
1056 3650 1158 3697 mora
1180 3650 1266 3697 eum
1287 3623 1499 3710 catezizans,
1518 3622 1632 3694 instar
1648 3621 1810 3694 moricu-

415 3746 508 3818 tium
525 3745 613 3818 lavit
628 3770 719 3846 aqua
736 3745 961 3846 baptismatis
970 3747 1000 3835 ⁴,
1018 3770 1174 3846 eumque
1188 3745 1232 3818 de
1245 3772 1347 3819 sacro
1366 3744 1470 3819 fonte
1485 3744 1654 3817 levavit⁵.
1675 3745 1729 3816 Ex
1746 3739 1811 3816 hac

457 3990 784 4072 ¹Aliternarratlugam
796 3991 931 4074 Hastingi
943 3992 1093 4051 Albericus
1129 3992 1247 4052 baldum
1274 3991 1383 4052 dietum
1411 3992 1438 4050 Ie
1460 3989 1606 4061 fitetur,
1626 3990 1674 4071 qui
1699 3988 1810 4069 primus

414 4086 463 4160 (ad
479 4109 548 4146 aun.
561 4086 659 4170 904),
674 4089 704 4146 iu
724 4089 805 4167 cujus
825 4087 975 4160 chronico,
996 4089 1093 4147 mina·
1129 4087 1251 4147 habetur
1267 4087 1414 4148 Blesarum
1430 4099 1459 4145 et
1474 4086 1632 4147 Carnotum
1649 4105 1755 4144 comes.

414 4196 459 4241 tur
474 4182 657 4244 Tbeobaldus
674 4184 768 4244 Caroli
792 4187 889 4246 Grossi
912 4187 1091 4265 imperatoris
1170 4196 1180 4220 ²
1204 4187 1277 4259 Hic,
1294 4185 1358 4243 cod.
1377 4183 1399 4242 B
1417 4185 1499 4264 plura
1513 4183 1704 4263 transposuit,
1719 4194 1808 4241 totam

414 4283 577 4361 proximum
590 4284 728 4364 impetum
741 4283 910 4343 Normunuo
922 4282 1006 4356 duci,
1022 4284 1090 4362 qui,
1130 4281 1166 4341 de
1191 4283 1309 4363 dstingo
1333 4283 1527 4342 narrationem
1553 4279 1627 4340 iufra
1652 4280 1807 4358 rejiciens,

415 4407 428 4432 ιι
445 4401 505 4459 prae
527 4381 646 4454 timore,
668 4382 762 4461 iuquit
787 4381 953 4454 Albericus,
975 4378 1094 4439 vendita
1129 4400 1187 4439 nou
1217 4381 1279 4439 sine
1308 4379 1434 4459 quadam
1458 4379 1589 4438 lectionis
1616 4377 1753 4437 varietate
1780 4388 1808 4434 et

412 4472 578 4537 Theobaldo
602 4478 718 4537 civitate
743 4477 923 4550 Camoteua,
939 4476 1013 4537 clam
1031 4476 1094 4535 dis·
1129 4479 1299 4551 otnissioue,
1317 4475 1480 4558 compendii
1498 4497 1601 4548 causa,
1617 4488 1650 4535 ut
1664 4473 1788 4535 videtur.

412 4576 496 4634 cessit
512 4588 541 4634 et
560 4589 623 4655 post
639 4577 672 4634 iu
694 4576 816 4635 Francia
834 4597 893 4634 non
910 4576 986 4635 visus
1006 4586 1060 4636 est.
1076 4602 1090 4629 s
1170 4573 1181 4611 ³
1203 4575 1288 4637 Auno
1302 4572 1381 4648 858,
1395 4587 1429 4633 ut
1443 4575 1579 4653 opinatur
1593 4573 1629 4632 D.
1641 4570 1756 4652 Muley.

412 4668 467 4731 llle
491 4684 588 4732 autem
610 4671 813 4746 Tlteobaldus,
835 4672 952 4733 Roberti
977 4672 1090 4749 Fortis,
1167 4669 1181 4717 4
1203 4673 1251 4731 A:
1271 4672 1461 4735 babtismum.

412 4767 492 4828 ducis
508 4770 646 4846 Francia,
660 4791 759 4852 gener,
777 4770 867 4830 lilium
882 4771 981 4831 habuit
994 4770 1091 4831 Theo-
1169 4768 1182 4808 ⁵
1196 4770 1285 4832 Addit
1296 4769 1383 4833 Dodo
1397 4768 1494 4830 Sancti
1505 4767 1650 4843 Quintiui,
1663 4786 1695 4847 p.
1707 4761 1761 4843 64,
1776 4781 1805 4837 c,
