4462 6120
740 713 777 784 S.
796 713 939 784 PETRI
965 710 1303 785 CARNOTENSIS.
1674 717 1717 788 31

327 890 445 936 unum
460 861 623 937 modium
645 860 716 933 viui
735 860 885 961 singulis
902 861 1007 932 annis
1026 860 1064 930 in
1083 885 1243 932 censum.
1265 860 1327 933 Set
1342 860 1486 932 vineam
1501 861 1723 960 possidentes

325 1014 392 1087 per
409 986 638 1059 insolentiam
654 986 693 1056 in
707 982 825 1058 dando
842 984 1065 1083 negligentes
1078 983 1260 1071 existunt,
1280 983 1367 1055 dnm
1381 1008 1458 1057 non
1474 985 1521 1056 sit
1530 985 1642 1084 judex
1658 991 1721 1087 qui

327 1126 484 1182 sectetur
505 1109 690 1208 justiciam
717 1133 757 1177 ac
790 1106 965 1204 reprimat
991 1121 1252 1204 usurpatorum
1277 1106 1482 1180 violatiam¹
1516 1134 1634 1209 neque
1661 1108 1723 1181 ha-

327 1231 417 1305 bens
433 1231 613 1331 aequitatis
630 1228 775 1315 libram,
793 1228 987 1301 ulciscatur
1005 1245 1138 1300 sunctae
1156 1228 1340 1301 AEcclesiae
1358 1230 1545 1328 injuriam3
1565 1232 1723 1330 episcopi

326 1355 426 1426 enim
448 1352 592 1427 desidiae
617 1376 746 1426 somno
769 1351 978 1448 sopiuntur,
1004 1350 1183 1450 superbiae
1207 1352 1304 1425 visco
1328 1351 1479 1441 tumidi,
1499 1352 1723 1426 adulantium

327 1493 437 1551 vento
462 1475 505 1549 de
534 1471 762 1548 rectitudinis
790 1473 847 1544 via
873 1471 1094 1562 exorbitati,
1125 1475 1238 1546 instar
1265 1476 1595 1565 mercenariorum,
1621 1504 1725 1550 sanc-

327 1615 448 1672 tarum
475 1597 596 1672 edium
622 1596 840 1670 detrimenta
866 1594 1118 1695 vilipendunt,
1148 1613 1205 1684 et,
1234 1613 1278 1668 ut
1304 1598 1354 1669 ait
1378 1625 1467 1697 papa
1498 1600 1722 1700 Gregorius,

329 1754 346 1791 a
366 1724 510 1822 Lupum
529 1721 736 1795 venientem
757 1717 908 1819 fugiunt
931 1745 1007 1792 non
1031 1717 1208 1793 mutando
1230 1719 1370 1808 locum,
1398 1738 1450 1793 set
1479 1719 1724 1798 subtrahendo

329 1876 348 1914 u
368 1845 557 1933 solatium,
573 1842 616 1915 de
634 1842 768 1943 quibus
785 1840 920 1913 dicitur
937 1868 1004 1940 per
1021 1839 1236 1941 prophetam
1257 1873 1264 1913 :
1290 1844 1333 1915 V
1329 1869 1349 1914 e
1362 1845 1572 1943 pastoribus
1588 1845 1720 1932 Israel,

328 2001 345 2037 u
368 1972 433 2067 qui
451 1994 498 2039 ex
516 1967 668 2040 aduerso
687 1981 786 2038 stare
807 1964 1013 2054 noluerunt,
1036 1991 1152 2064 neque
1173 1992 1213 2037 se
1235 1965 1480 2066 obposuerunt
1498 1993 1637 2039 murram
1651 1995 1725 2069 pro

327 2122 345 2159 a
366 2090 476 2162 domo
486 2089 652 2162 Domini.
668 2118 685 2154 n
702 2087 765 2158 His
779 2102 815 2159 et
828 2085 906 2158 aliis
921 2085 1032 2161 modo
1047 2101 1166 2159 sancta
1180 2087 1351 2159 AEeclesia
1365 2086 1493 2160 diatim
1502 2088 1722 2178 decrescens,

324 2213 397 2283 suis
417 2209 586 2282 viduatur
604 2207 830 2296 honoribus,
850 2233 918 2281 nec
936 2224 991 2280 est
1007 2235 1092 2296 rex,
1117 2234 1235 2308 neque
1257 2210 1426 2308 princeps
1443 2210 1506 2310 qui
1525 2211 1557 2282 ei
1583 2211 1724 2284 condo-

323 2335 395 2406 leat
420 2334 475 2406 vel
502 2333 565 2433 qui
594 2335 669 2429 ejus
695 2330 916 2431 singultibus
942 2332 1015 2403 sive
1042 2330 1233 2405 cotidianis
1261 2331 1408 2404 fletibus
1434 2334 1563 2433 quovis
1589 2333 1725 2407 auxilio

325 2459 503 2557 respirare
533 2454 719 2529 concedat.
749 2454 869 2546 Quare
896 2454 1069 2554 flagiciosi
1097 2454 1252 2554 quique,
1280 2455 1497 2553 impunitate
1521 2455 1626 2544 freti,
1656 2457 1722 2529 Dei

324 2580 528 2656 cultoribus
559 2577 780 2665 invidentes,
809 2575 853 2649 de
881 2603 1011 2653 corum
1032 2575 1260 2649 detrimentis
1287 2578 1499 2678 temporalia
1528 2577 1595 2650 sibi
1625 2579 1725 2651 luera

326 2720 556 2803 comparant,
582 2701 744 2802 dolisque
766 2701 889 2775 colore
909 2698 1082 2773 mendatii
1101 2700 1332 2798 compositis,
1354 2726 1480 2774 eorum
1497 2700 1596 2775 bona
1616 2729 1725 2774 usur-

324 2825 444 2928 pando
467 2824 638 2897 auferunt
655 2840 692 2895 et
716 2848 797 2922 quae
816 2838 1025 2921 nequeunt,
1043 2820 1238 2894 insaciabili
1262 2822 1432 2896 aviditate
1446 2822 1721 2924 depopulando,

324 2965 477 3023 vastant.
497 2947 635 3020 Verum
649 2946 733 3044 quia
751 2944 905 3043 longum
918 2961 971 3015 est
984 2971 1228 3020 rememorare
1243 2948 1363 3019 omnia
1378 2946 1470 3019 mala
1483 2973 1579 3048 quae,
1595 2948 1724 3021 Satana

324 3086 560 3173 suggerente,
576 3083 700 3142 nostra
719 3066 877 3139 aecclesia
890 3066 1062 3165 pertulit,
1083 3065 1127 3139 de
1144 3066 1272 3138 multis
1283 3093 1458 3167 perpauca
1476 3068 1721 3143 subinferam:

324 3198 417 3267 sicut
439 3191 484 3264 de
508 3190 653 3263 ecclesia
677 3188 822 3261 Baliolis
839 3187 946 3261 Villae
961 3214 1070 3286 quam
1085 3186 1259 3260 liudulfus
1281 3190 1469 3289 episcopus
1492 3191 1536 3263 de
1558 3189 1724 3267 dominio

323 3313 587 3390 monachorum
599 3312 643 3386 ad
655 3337 738 3387 suos
753 3338 837 3384 usus
849 3328 1066 3411 retorquens
1084 3337 1169 3383 cum
1185 3310 1263 3383 aliis
1276 3311 1400 3400 rebus,
1411 3310 1559 3385 beatum
1573 3316 1723 3387 Petrum

323 3438 527 3541 apostolum
545 3433 738 3535 vilipendit
754 3432 951 3509 offendere.
966 3431 1171 3533 Agobertus
1189 3459 1350 3534 quoque,
1371 3450 1495 3508 nostra
1513 3451 1724 3536 tempestate

322 3561 456 3661 praesul
465 3575 491 3648 ²,
511 3559 695 3633 canonicis
715 3580 896 3629 assensum
909 3553 1069 3655 praebuit
1086 3555 1282 3655 usurpandi
1299 3582 1376 3629 non
1389 3556 1568 3630 modicam
1582 3577 1723 3659 partem

325 3701 432 3757 terrae
454 3682 569 3781 campi
591 3681 705 3752 Fauni
717 3733 728 3768 ,
751 3704 874 3752 versus
898 3678 1098 3764 orientem
1117 3703 1227 3777 quam
1249 3694 1489 3753 antecessores
1509 3682 1626 3756 nostri
1647 3685 1723 3758 sine

325 3807 397 3879 ulla
407 3805 587 3878 calumnia
597 3819 635 3876 et
644 3828 711 3877 nos
720 3799 887 3875 moderni
900 3797 1069 3874 monachi
1081 3799 1194 3900 longo
1204 3826 1271 3871 usu
1281 3800 1516 3905 possedimus.
1530 3803 1724 3879 Gauslinus

325 3927 481 4030 deniqne
491 3927 534 3999 de
545 3926 673 4024 Leugis
680 3978 691 4013 ,
712 3950 790 3999 non
809 3923 918 4023 longe
930 3951 948 3995 a
961 3922 1244 3998 lluvioAudurae
1255 3925 1567 4023 pertinacitersibi
1587 3930 1723 4002 retinet

325 4079 473 4127 censum
487 4049 594 4123 nobis
610 4049 798 4121 annuatim
811 4046 1053 4135 reddendum,
1072 4045 1117 4120 de
1132 4046 1349 4148 quibusdam
1364 4050 1479 4122 vineis
1492 4050 1538 4122 ab
1552 4052 1722 4152 episcopo

324 4178 478 4274 Hugone
496 4170 563 4244 sibi
587 4170 736 4243 relictis.
759 4171 921 4243 Herveus
943 4171 1052 4242 etiam
1073 4168 1117 4242 de
1139 4168 1368 4245 Gualardone
1385 4197 1462 4245 non
1485 4173 1595 4274 longe
1616 4200 1634 4247 a
1656 4200 1722 4249 suo

324 4296 530 4385 domicilio,
556 4293 738 4396 quandam
768 4309 903 4368 terram
931 4294 1048 4367 nostri
1067 4296 1161 4392 juris
1186 4295 1395 4394 usurpavit,
1430 4322 1513 4395 quae
1536 4298 1600 4370 uni
1635 4295 1721 4372 bovi

325 4420 460 4493 dicitur
481 4419 653 4490 sufficere.
679 4418 762 4502 Set,
785 4415 840 4489 his
859 4415 969 4491 modo
988 4415 1145 4504 relictis,
1168 4415 1212 4488 ad
1233 4416 1460 4517 assignandas
1481 4446 1539 4493 res
1559 4436 1722 4493 vertatur

325 4543 484 4642 pennula
499 4568 582 4642 quae
600 4538 707 4616 nobis
723 4539 849 4615 divino
865 4555 959 4611 nutu
976 4554 1126 4611 manent
1141 4553 1177 4612 et
1194 4537 1395 4613 manebunt
1412 4541 1450 4615 in
1467 4543 1595 4615 secula.

368 4804 377 4830 ¹
401 4793 471 4874 Leg.
487 4793 664 4850 uiolentiam.
1079 4801 1088 4826 ²
1112 4790 1218 4848 Aban.
1244 4788 1319 4850 1052
1334 4790 1370 4849 ad
1386 4812 1433 4848 au.
1456 4787 1543 4848 1053.
