4426 6120
413 711 480 779 110
931 701 1278 777 MONASTERIUM

409 882 492 928 rnm
511 856 551 929 iu
572 852 732 928 herroris
754 852 849 924 uiam
872 848 1003 926 sensim
1030 850 1298 944 ammonendo,
1325 875 1447 924 secum
1468 849 1656 926 adtrahere
1679 855 1803 953 cupie-

409 981 484 1069 bat,
502 956 694 1052 testificans
708 974 938 1049 Aurelianam
951 975 1095 1065 urbem,
1111 1002 1187 1074 prae
1201 974 1328 1049 ceteris
1342 973 1508 1062 urbibus,
1524 1001 1710 1050 coruscare
1722 977 1803 1051 luce

409 1103 593 1203 sapientiae
620 1117 727 1201 atque
755 1099 952 1172 sanctitatis
977 1096 1151 1197 lampade.
1181 1101 1224 1170 ln
1254 1101 1355 1196 cujus
1382 1096 1501 1170 verbis
1526 1097 1682 1172 domnus
1705 1104 1800 1200 ejus,

410 1223 642 1298 intellectuali
668 1221 813 1311 auditu,
842 1223 960 1320 ipsum
985 1218 1238 1293 animadvertit
1263 1246 1283 1290 a
1310 1219 1367 1292 via
1388 1221 1544 1318 justiciae
1571 1221 1740 1312 derium,
1767 1238 1803 1296 et

408 1349 482 1420 cito
505 1346 629 1420 comiti
656 1340 837 1416 Richardo
862 1367 1001 1414 causam
1026 1341 1213 1428 innotuit,
1238 1357 1346 1440 atque
1372 1343 1515 1440 rogavit
1541 1361 1584 1415 ut
1615 1342 1803 1419 Rodberto

407 1470 502 1568 regi,
521 1466 669 1554 litteris,
686 1479 823 1563 pestem
837 1464 877 1535 in
889 1487 1003 1561 regno
1019 1464 1096 1560 ejus
1107 1460 1223 1534 adhuc
1235 1462 1452 1551 latitantem,
1466 1480 1660 1565 antequam
1674 1492 1805 1565 propa-

408 1586 802 1691 gemtum-patefaceret
812 1639 823 1674 ,
848 1601 885 1658 et
902 1602 944 1657 ut
957 1611 1022 1658 rex
1040 1583 1156 1656 eidem
1169 1583 1334 1665 Arelasto
1343 1638 1355 1675 ,
1380 1584 1423 1659 ad
1436 1587 1685 1685 expellendam
1703 1584 1779 1662 eam
1789 1642 1801 1678 ,

408 1728 634 1814 oportunum
654 1708 830 1782 auxilium
852 1734 930 1781 non
952 1706 1162 1807 denegaret,
1187 1711 1310 1809 ltaque
1332 1735 1418 1798 rex,
1445 1710 1621 1810 insperata
1640 1738 1681 1784 re
1702 1728 1804 1787 atto-

409 1840 525 1924 nitus,
543 1833 728 1908 mandavit
745 1849 786 1905 ut
804 1832 899 1905 idem
921 1833 990 1916 vir,
1010 1857 1094 1903 cum
1111 1832 1244 1905 clerico
1260 1858 1346 1924 suo,
1364 1832 1406 1905 ad
1425 1833 1657 1906 Aurelianum
1673 1835 1803 1908 urbem

408 1961 481 2032 cito
496 1982 657 2057 gressum
669 1953 859 2053 dirigeret,
874 1952 1049 2052 pollicens
1062 1952 1280 2027 omnimodis
1299 1954 1337 2025 in'
1355 1952 1420 2026 hac
1436 1981 1475 2028 re
1492 1981 1596 2027 suum
1613 1955 1801 2030 auxilium.

408 2082 592 2181 Cumque,
622 2077 776 2177 jubente
803 2102 908 2175 rege,
935 2076 1003 2147 iter
1031 2092 1174 2174 ageret,
1202 2075 1369 2148 Carnotis
1395 2075 1564 2169 devenit,
1588 2077 1805 2152 Fulhertum
1866 2104 1872 2113 ·

408 2201 649 2277 venerabilem
679 2200 879 2272 antistitem
906 2224 1014 2298 super
1042 2196 1107 2270 hac
1134 2225 1175 2271 re
1203 2199 1456 2291 consulturus,
1493 2201 1556 2300 qui
1587 2198 1685 2273 forte
1716 2216 1805 2273 tunc

407 2327 530 2400 aberat
543 2354 554 2414 3
585 2350 670 2396 narn
695 2323 870 2410 Romam,
898 2322 1009 2422 gratia
1038 2323 1241 2408 orationis,
1269 2319 1417 2395 abierat.
1449 2323 1554 2395 Tunc
1583 2347 1724 2397 causam
1750 2325 1805 2396 sui

284 2514 303 2563 ⁶.
408 2450 548 2524 itineris
585 2444 726 2521 cuidam
759 2446 910 2545 sapienti
955 2445 1111 2535 clerico,
1149 2443 1315 2533 Ebrardo
1358 2447 1529 2533 nomine,
1575 2447 1805 2521 carnotensis

407 2572 576 2646 aecclesiae
602 2568 846 2658 sacriscrinio,
867 2569 1050 2657 innotuit,
1078 2569 1241 2669 flagitans
1258 2570 1312 2640 sui
1339 2568 1481 2642 consilii
1498 2595 1624 2667 opem,
1650 2570 1807 2671 qualiter

407 2713 501 2770 stare
520 2693 727 2768 deheret‘in
746 2693 845 2781 acie,
871 2709 908 2766 et
924 2691 1057 2794 quibus
1075 2693 1183 2764 armis
1200 2719 1237 2765 se
1251 2693 1414 2766 muniret
1431 2708 1558 2765 contra
1574 2692 1806 2779 multimodas

407 2834 501 2891 artes
523 2815 711 2889 diabolicae
734 2812 882 2886 fraudis.
911 2815 1003 2907 Qui,
1026 2815 1176 2914 sapienti
1202 2841 1285 2887 usus
1306 2814 1483 2902 consilio,
1511 2842 1595 2889 eum
1615 2815 1807 2916 perdocuit

408 2956 450 3011 ut
478 2937 633 3026 cotidie,
671 2936 792 3036 primo
824 2962 951 3025 mane,
986 2936 1255 3036 Omnipotentis
1284 2963 1391 3037 opem
1420 2938 1639 3037 quaesiturus
1662 2937 1806 3012 eeccle-

408 3064 497 3135 siam
525 3060 677 3135 devotus
702 3059 839 3149 adiret,
861 3061 1020 3135 orationi
1049 3060 1275 3135 in'comberet
1288 3114 1299 3150 ,
1329 3076 1436 3162 atque
1462 3077 1684 3134 sacrosancta
1702 3086 1808 3136 com-

408 3184 582 3279 munione
608 3182 773 3282 corporis
802 3197 839 3255 et
868 3183 1052 3282 sanguinis
1074 3181 1208 3255 Christi
1227 3209 1263 3255 se
1283 3183 1467 3273 muniret,
1491 3180 1621 3256 deinde
1652 3158 1808 3257 fidenter

407 3305 449 3380 ad
477 3303 695 3379 audiendum
722 3301 916 3377 hereticam
945 3305 1177 3402 pravitatem,
1204 3303 1390 3403 signaculo
1417 3319 1550 3376 sanctae
1577 3306 1694 3376 crucis
1721 3330 1809 3404 pro·

408 3446 523 3505 tectus
532 3483 543 3517 ,
562 3443 749 3528 pergeret,
769 3425 882 3498 nichil
900 3424 1032 3500 horum
1049 3453 1131 3528 quae
1148 3424 1194 3498 ab
1212 3427 1261 3499 eis
1277 3425 1418 3502 audiret
1437 3426 1716 3515 contradicerct3
1733 3444 1805 3516 set,

407 3553 583 3626 simulato·
600 3549 766 3649 discipuli
794 3549 920 3638 vultu,
945 3552 1068 3623 omnia
1096 3549 1224 3622 tacitus
1253 3550 1291 3621 in
1320 3542 1478 3649 pectoris
1502 3549 1689 3625 domicilio
1715 3577 1808 3626 cou-

407 3675 533 3750 ferret.

458 3799 574 3897 lgitur
588 3796 789 3870 Aurelianis
805 3797 1020 3886 deveniens,
1043 3798 1097 3868 uti
1114 3797 1262 3870 edoctus
1279 3797 1414 3886 fuerat,
1433 3795 1566 3870 cotidie
1587 3824 1685 3870 sacra
1707 3822 1810 3872 com·

407 3921 584 3992 munione
601 3945 642 3992 ac
659 3920 811 4019 supplici
830 3921 995 3994 oratione
1011 3922 1198 4011 munitus,
1214 3918 1258 3993 ad
1278 3946 1406 3995 eorum
1418 3919 1624 3994 doctrinam
1640 3921 1807 4010 veniens,

306 4036 313 4049 ’
409 4041 452 4114 ad
469 4043 581 4114 instar
596 4040 696 4113 rudis
715 4040 904 4140 discipuli,
929 4041 1098 4130 ultimus,
1122 4042 1218 4115 intra
1235 4041 1387 4118 domum
1410 4041 1697 4131 herroneorum,
1721 4041 1812 4115 ulti-

408 4191 488 4237 mus
511 4163 751 4237 adsidebatur.
775 4166 944 4266 ,Cumque
966 4165 1127 4263 primum
1151 4165 1362 4241 divinorum
1384 4166 1615 4239 voluminum
1636 4164 1810 4265 exemplis

409 4311 493 4360 eum
511 4301 548 4358 et
565 4284 782 4387 quibusdam
798 4311 922 4359 rerum
942 4286 1241 4361 similitudinibus
1263 4287 1527 4376 informarent,
1552 4305 1679 4388 atque,
1705 4312 1811 4385 mere

313 4412 315 4417 ’
408 4407 560 4509 perfecti
578 4405 771 4505 discipuli,
796 4405 937 4480 subdita
959 4435 1044 4499 aure
1067 4410 1251 4483 intentum
1268 4409 1433 4484 viderent
1445 4465 1455 4500 ,
1484 4412 1582 4482 inter
1601 4410 1685 4482 alias
1707 4409 1811 4483 simi·

410 4529 581 4603 litudines
607 4527 760 4602 silvestri
785 4529 926 4605 arboris
954 4532 1229 4607 similitudinem
1255 4535 1287 4607 ei
1311 4532 1518 4633 proferunt.
1550 4563 1568 4602 a
1584 4531 1810 4605 Tractandus

413 4686 430 4721 a
447 4680 483 4726 es
492 4707 503 4742 ,
520 4651 714 4754 inquiunt,
738 4679 757 4723 a
773 4651 880 4726 uobis
899 4668 940 4724 ut
956 4652 1066 4726 arbor
1079 4654 1249 4728 silvestris
1262 4656 1326 4756 qui
1341 4655 1531 4728 translatus
1546 4656 1583 4726 in
1601 4653 1807 4741 viridiario,

413 4805 431 4845 a
447 4773 573 4847 tandiu
588 4773 688 4875 aquis
707 4772 956 4873 perfunditur,
979 4771 1095 4851 donec
1116 4775 1229 4853 humo
1255 4776 1455 4865 radicetur3
1481 4776 1611 4850 dehinc
1633 4775 1747 4876 spinis
1772 4790 1808 4848 et

415 4896 556 4970 «rebus
581 4895 1024 4997 superlluisspmuudatur,
1044 4914 1105 4988 ut,
1126 4898 1362 4998 postmodum
1383 4914 1477 4971 terre
1499 4916 1602 4972 tenus
1621 4911 1809 4970 truncatus
