4462 6120
920 718 1268 797 Moulsrnutttu

846 1001 1213 1095 CAPITULUM
1247 1003 1353 1093 XV.

749 1250 793 1310 De
808 1252 920 1311 vicariis
935 1251 1090 1331 redemptis
1103 1273 1119 1309 a
1131 1251 1299 1310 vicecomite
1313 1249 1448 1332 Hagnae.

229 1523 296 1568 anno
310 1521 380 1572 roso.
455 1534 473 1571 u
484 1504 526 1575 ln
534 1501 665 1575 Christi
680 1502 843 1576 nomine.
856 1501 937 1600 Ego
945 1499 1170 1590 Eustachius,
1187 1498 1347 1573 coenobii
1359 1500 1473 1572 sancti
1485 1500 1582 1574 Petri
1594 1500 1795 1577 Garnoten·

404 1625 449 1696 sis
460 1623 589 1716 abbas,
607 1640 643 1698 et
660 1624 778 1697 omnis
793 1622 1059 1697 monachorum
1074 1623 1310 1723 congregatio
1326 1622 1435 1696 michi
1454 1650 1473 1694 a
1492 1622 1568 1697 Deo
1586 1627 1793 1718 commissa,

405 1762 533 1819 notum
552 1746 808 1819 essevolumus
828 1761 899 1816 tam
918 1743 1157 1842 praesentibus
1173 1770 1283 1844 quam
1299 1744 1433 1816 futuris
1450 1759 1582 1818 sanctae
1601 1746 1664 1819 Dei
1683 1747 1794 1821 eccle-

403 1868 464 1941 siae
480 1867 583 1959 filiis,
599 1866 718 1969 quod,
738 1883 811 1938 tam
828 1864 874 1937 ab
890 1863 1172 1940 antecessoribus
1193 1867 1327 1939 nostris
1343 1891 1452 1965 quam
1470 1893 1488 1939 a
1508 1866 1633 1960 nobis,
1651 1869 1792 1941 vicariae

403 2016 485 2090 quae
499 2006 602 2062 erant
616 1991 654 2062 in
671 2004 765 2063 terra
777 2003 919 2076 nostra,
937 1989 994 2062 vel
1012 1989 1134 2061 tutelae
1151 2014 1216 2088 per
1233 1989 1404 2077 Belsiam,
1424 2015 1550 2064 omnes
1563 1988 1709 2090 quidem
1726 1990 1793 2063 sub

403 2112 536 2188 comite
559 2110 763 2205 Tedbaldo,
786 2110 831 2183 ab
856 2110 939 2213 ipsis
964 2110 1007 2184 ad
1028 2137 1120 2212 quos
1142 2110 1395 2212 pertinebant,
1417 2113 1508 2185 datis
1522 2112 1739 2212 justioribus
1756 2129 1793 2186 et

402 2233 612 2317 melioribus
628 2232 755 2325 rebus,
772 2259 982 2307 emeramus.
1004 2232 1098 2323 Sed,
1112 2230 1294 2333 Stephano
1313 2233 1446 2308 comite
1467 2231 1665 2309 inhonore
1680 2236 1792 2334 patris

401 2355 634 2449 succedente,
657 2356 764 2455 lingo
785 2354 982 2428 vicecomes
998 2355 1082 2454 jure
1104 2351 1324 2429 hereditario
1346 2353 1485 2428 easdem
1506 2355 1654 2428 vicarias
1677 2357 1793 2429 reela-

402 2504 526 2570 mans,
551 2477 596 2551 ab
621 2477 747 2552 eodem
771 2479 904 2552 comite
927 2477 1093 2578 suscepit.
1118 2476 1194 2553 Nos
1214 2503 1304 2551 vero
1327 2476 1374 2549 ab
1398 2477 1652 2578 inquietudine
1674 2481 1790 2553 securi

401 2602 520 2676 vivere
534 2601 732 2699 cupientes,
745 2598 913 2701 precibus
925 2598 970 2671 ad
982 2597 1051 2672 hoc
1066 2600 1316 2674 vicecomitem
1331 2599 1511 2691 lleximus,
1527 2615 1587 2693 ut,
1605 2601 1643 2673 in
1658 2603 1791 2675 nostris

401 2721 626 2799 orationibus
649 2747 731 2793 cum
754 2746 867 2794 uxore
888 2736 924 2795 et
949 2718 1065 2793 trihus
1081 2720 1165 2793 filiis
1181 2737 1217 2792 et
1235 2720 1306 2792 filia
1325 2720 1517 2814 collectus,
1537 2720 1674 2795 easdem
1690 2722 1790 2793 vica-

400 2847 485 2938 rias,
498 2860 681 2919 annuente
693 2841 876 2942 Stephano
890 2843 1036 2931 comite,
1051 2857 1176 2916 sancto
1189 2841 1313 2935 Petro,
1327 2841 1422 2914 sicut
1434 2868 1648 2931 emeramus,
1664 2868 1790 2918 conce-

400 2969 518 3056 deret3
532 2983 569 3041 et
578 2991 685 3066 super
695 2963 893 3066 principale
905 2963 1016 3037 altare
1027 2964 1139 3036 sancti
1149 2964 1261 3053 Petri,
1279 2987 1362 3035 cum
1375 2989 1488 3037 uxore
1497 2981 1533 3037 et
1543 2964 1640 3053 filiis,
1650 2965 1789 3040 donum

398 3091 538 3191 posuit,
557 3086 762 3161 videntibus
779 3102 815 3159 et
831 3084 1059 3158 audientibus
1077 3083 1132 3156 his
1147 3110 1308 3186 quorum
1324 3086 1474 3158 nomina
1488 3085 1761 3186 subscripsimus
1777 3118 1786 3159 ε

398 3209 574 3302 Adelidis,
589 3236 682 3284 uxor
697 3208 918 3284 vicecomitis
927 3236 939 3296 3
959 3205 1024 3280 filii
1041 3233 1168 3283 eorum
1177 3262 1189 3300 ,
1205 3204 1410 3299 Ebrardus,
1425 3210 1532 3307 Hugo
1541 3261 1552 3296 ,
1567 3207 1734 3297 Guiddo,
1744 3226 1789 3282 -et

398 3332 469 3406 filia
484 3331 668 3432 Unberga.
687 3330 823 3405 Fideles
840 3356 982 3418 eorum,
1001 3329 1176 3402 Ernulfus
1194 3326 1238 3400 de
1256 3328 1450 3404 Domicilio
1458 3382 1472 3421 ,
1489 3328 1702 3403 Gausfridus
1716 3331 1789 3403 Bo-

375 3433 378 3438 ·
399 3455 553 3543 viculus,
571 3458 699 3527 Petrus
710 3451 822 3552 Aper,
837 3452 1015 3552 Gerogius
1026 3449 1070 3524 de
1084 3450 1253 3549 Fraganis
1267 3449 1381 3538 Villa,
1400 3452 1580 3523 Guarinus
1594 3449 1639 3524 de
1649 3450 1785 3542 Alona,

397 3575 592 3650 Adelardus
606 3576 841 3679 praepositus,
860 3572 1072 3647 Gauslridus
1088 3571 1133 3647 de
1153 3572 1306 3662 Novalc,
1324 3571 1504 3648 Ansoldus
1525 3570 1666 3662 lnfans,
1686 3573 1788 3647 Rod-

396 3698 521 3772 bertus
538 3700 717 3800 Paganus,
735 3696 941 3770 Gualterius
957 3695 1003 3771 de
1019 3694 1166 3771 Alneto.
1190 3696 1242 3769 De
1263 3696 1397 3771 nostris
1416 3725 1425 3767 ε
1445 3696 1659 3769 Laurentius
1667 3695 1788 3769 cubi-

397 3821 571 3911 cularius,
586 3818 800 3911 Adventius,
818 3817 1028 3894 Gunbaldus
1036 3872 1047 3906 ,
1062 3816 1305 3908 fulchardus,
1324 3815 1525 3918 Stephanus
1540 3833 1577 3891 et
1593 3818 1784 3907 Salomon,

396 3942 543 4030 fratres;
560 3939 762 4029 Teduinus,
777 3939 937 4015 Gaudius
952 3957 987 4015 ct
1000 3939 1222 4028 Harduinus,
1237 3938 1385 4029 fratres3
1404 3937 1576 4012 liudulfus
1588 3932 1625 4013 et
1636 3937 1786 4013 Richar-

396 4065 479 4154 dus,
496 4064 644 4153 fratres3
666 4064 922 4164 leodegarius,
942 4062 1163 4162 Stephanus,
1182 4063 1380 4151 Martinus,
1403 4042 1611 4135 Rodberttis
1625 4060 1786 4161 pellicia-

395 4189 489 4278 rius;
522 4187 729 4262 Gualterius
740 4240 751 4277 ,
776 4185 950 4259 Aventius
976 4199 1013 4258 et
1038 4184 1250 4275 Durandus,
1278 4200 1432 4257 sartores
1439 4211 1451 4274 ς
1482 4181 1723 4284 Engdbectus
1749 4201 1785 4258 et

396 4308 606 4386 Gausfridus
636 4310 732 4398 coci,
759 4305 949 4382 Druandus
967 4307 1096 4408 pistor.
1120 4307 1253 4382 Actum
1276 4321 1331 4378 est
1358 4303 1428 4379 hoc
1448 4274 1616 4381 carioris
1639 4305 1784 4406 publice

275 4501 276 4504 ,
397 4437 434 4507 in
456 4433 610 4507 aecclesia
627 4434 738 4505 sancti
759 4432 875 4522 Petri,
897 4455 994 4505 anno
1016 4428 1199 4505 dominice
1217 4427 1477 4505 incarnationis
1497 4428 1689 4504 millesimo
1710 4453 1783 4502 no-

395 4558 576 4657 nagesimo
594 4556 661 4644 Vl,
681 4572 855 4655 regnante
871 4553 1040 4653 Philippo
1056 4579 1140 4653 rege
1157 4553 1196 4625 in
1213 4550 1375 4625 Francia.
1394 4581 1413 4620 n
