<?xml version="1.0" encoding="UTF-8"?>
<!DOCTYPE html PUBLIC "-//W3C//DTD XHTML 1.0 Transitional//EN"
    "http://www.w3.org/TR/xhtml1/DTD/xhtml1-transitional.dtd">
<html xmlns="http://www.w3.org/1999/xhtml" xml:lang="en" lang="en">
 <head>
  <title>
</title>
<meta http-equiv="Content-Type" content="text/html;charset=utf-8" />
  <meta name='ocr-system' content='tesseract 3.04.00' />
  <meta name='ocr-capabilities' content='ocr_page ocr_carea ocr_par ocr_line ocrx_word'/>
</head>
<body>
  <div class='ocr_page' id='page_1' title='image "./cartulairedelab00abbegoog_0614.png"; bbox 0 0 4426 6120; ppageno 0'>
   <div class='ocr_carea' id='block_1_1' title="bbox 898 719 1328 798">
    <p class='ocr_par' dir='ltr' id='par_1_1' title="bbox 898 719 1328 798">
     <span class='ocr_line' id='line_1_1' title="bbox 898 719 1328 798; baseline -0.009 -4"><span class='ocrx_word' id='word_1_1' title='bbox 898 719 1245 798; x_wconf 81' lang='lat' dir='ltr'><strong>MONASTERlUM</strong></span> <span class='ocrx_word' id='word_1_2' title='bbox 1284 761 1289 771; x_wconf 88' lang='lat'><strong>·</strong></span> <span class='ocrx_word' id='word_1_3' title='bbox 1325 785 1328 790; x_wconf 88' lang='lat'>.</span> 
     </span>
    </p>
   </div>
   <div class='ocr_carea' id='block_1_2' title="bbox 829 1001 1314 1096">
    <p class='ocr_par' dir='ltr' id='par_1_2' title="bbox 829 1001 1314 1096">
     <span class='ocr_line' id='line_1_2' title="bbox 829 1001 1314 1096; baseline 0.002 -4"><span class='ocrx_word' id='word_1_4' title='bbox 829 1001 1197 1096; x_wconf 82' lang='lat' dir='ltr'>CAPITULUM</span> <span class='ocrx_word' id='word_1_5' title='bbox 1231 1006 1314 1094; x_wconf 81' lang='lat' dir='ltr'><strong>tv.</strong></span> 
     </span>
    </p>
   </div>
   <div class='ocr_carea' id='block_1_3' title="bbox 592 1251 1547 1333">
    <p class='ocr_par' dir='ltr' id='par_1_3' title="bbox 592 1251 1547 1333">
     <span class='ocr_line' id='line_1_3' title="bbox 592 1251 1547 1333; baseline 0.003 -23"><span class='ocrx_word' id='word_1_6' title='bbox 592 1252 636 1310; x_wconf 91' lang='lat' dir='ltr'><strong>De</strong></span> <span class='ocrx_word' id='word_1_7' title='bbox 650 1252 745 1333; x_wconf 88' lang='lat' dir='ltr'><strong>pravis</strong></span> <span class='ocrx_word' id='word_1_8' title='bbox 760 1251 1015 1312; x_wconf 85' lang='lat' dir='ltr'><strong>consuetudinibus</strong></span> <span class='ocrx_word' id='word_1_9' title='bbox 1029 1252 1153 1313; x_wconf 85' lang='lat' dir='ltr'><strong>dimissis</strong></span> <span class='ocrx_word' id='word_1_10' title='bbox 1167 1276 1185 1313; x_wconf 82' lang='lat' dir='ltr'><strong>a</strong></span> <span class='ocrx_word' id='word_1_11' title='bbox 1196 1252 1362 1315; x_wconf 78' lang='lat' dir='ltr'><strong>vvillelmo</strong></span> <span class='ocrx_word' id='word_1_12' title='bbox 1375 1256 1406 1313; x_wconf 91' lang='lat' dir='ltr'><strong>in</strong></span> <span class='ocrx_word' id='word_1_13' title='bbox 1423 1252 1547 1314; x_wconf 80' lang='lat' dir='ltr'><strong>Plancis.</strong></span> 
     </span>
    </p>
   </div>
   <div class='ocr_carea' id='block_1_4' title="bbox 176 1477 1770 4999">
    <p class='ocr_par' dir='ltr' id='par_1_4' title="bbox 176 1477 1770 4999">
     <span class='ocr_line' id='line_1_4' title="bbox 176 1477 1768 1579; baseline -0.001 -27"><span class='ocrx_word' id='word_1_14' title='bbox 176 1507 237 1555; x_wconf 68' lang='lat' dir='ltr'><strong>aare</strong></span> <span class='ocrx_word' id='word_1_15' title='bbox 247 1522 267 1553; x_wconf 74' lang='grc' dir='ltr'><strong>ι.</strong></span> <span class='ocrx_word' id='word_1_16' title='bbox 282 1508 351 1554; x_wconf 75' lang='lat' dir='ltr'><strong>noa</strong></span> <span class='ocrx_word' id='word_1_17' title='bbox 428 1508 446 1548; x_wconf 83' lang='lat' dir='ltr'><strong>n</strong></span> <span class='ocrx_word' id='word_1_18' title='bbox 462 1481 503 1551; x_wconf 87' lang='lat' dir='ltr'><strong>ln</strong></span> <span class='ocrx_word' id='word_1_19' title='bbox 517 1479 664 1552; x_wconf 92' lang='lat' dir='ltr'><strong>nomine</strong></span> <span class='ocrx_word' id='word_1_20' title='bbox 678 1495 809 1551; x_wconf 85' lang='lat' dir='ltr'><strong>sanctae</strong></span> <span class='ocrx_word' id='word_1_21' title='bbox 824 1494 860 1552; x_wconf 87' lang='lat' dir='ltr'><strong>et</strong></span> <span class='ocrx_word' id='word_1_22' title='bbox 874 1477 1068 1553; x_wconf 78' lang='lat' dir='ltr'><strong>individuoe</strong></span> <span class='ocrx_word' id='word_1_23' title='bbox 1082 1480 1287 1570; x_wconf 77' lang='lat' dir='ltr'><strong>Trinitatis,</strong></span> <span class='ocrx_word' id='word_1_24' title='bbox 1303 1479 1420 1552; x_wconf 87' lang='lat' dir='ltr'><strong>Patris</strong></span> <span class='ocrx_word' id='word_1_25' title='bbox 1427 1479 1555 1554; x_wconf 86' lang='lat' dir='ltr'><strong>etFilii</strong></span> <span class='ocrx_word' id='word_1_26' title='bbox 1565 1495 1604 1552; x_wconf 90' lang='lat' dir='ltr'><strong>et</strong></span> <span class='ocrx_word' id='word_1_27' title='bbox 1612 1479 1768 1579; x_wconf 87' lang='lat' dir='ltr'><strong>Spiritus</strong></span> 
     </span>
     <span class='ocr_line' id='line_1_5' title="bbox 374 1599 1768 1695; baseline 0.001 -20"><span class='ocrx_word' id='word_1_28' title='bbox 374 1600 508 1675; x_wconf 86' lang='lat' dir='ltr'><strong>Sancti.</strong></span> <span class='ocrx_word' id='word_1_29' title='bbox 525 1601 665 1674; x_wconf 89' lang='lat' dir='ltr'><strong>Notum</strong></span> <span class='ocrx_word' id='word_1_30' title='bbox 681 1627 753 1675; x_wconf 87' lang='lat' dir='ltr'><strong>esse</strong></span> <span class='ocrx_word' id='word_1_31' title='bbox 767 1601 933 1675; x_wconf 79' lang='lat' dir='ltr'><strong>volumus</strong></span> <span class='ocrx_word' id='word_1_32' title='bbox 946 1602 1117 1677; x_wconf 89' lang='lat' dir='ltr'><strong>omnibus</strong></span> <span class='ocrx_word' id='word_1_33' title='bbox 1136 1599 1341 1676; x_wconf 81' lang='lat' dir='ltr'><strong>christianae</strong></span> <span class='ocrx_word' id='word_1_34' title='bbox 1355 1600 1437 1676; x_wconf 87' lang='lat' dir='ltr'><strong>fidei</strong></span> <span class='ocrx_word' id='word_1_35' title='bbox 1452 1602 1675 1695; x_wconf 82' lang='lat' dir='ltr'><strong>cultoribus,</strong></span> <span class='ocrx_word' id='word_1_36' title='bbox 1694 1617 1768 1676; x_wconf 84' lang='lat' dir='ltr'><strong>tam</strong></span> 
     </span>
     <span class='ocr_line' id='line_1_6' title="bbox 374 1723 1766 1826; baseline 0 -29"><span class='ocrx_word' id='word_1_37' title='bbox 374 1723 612 1825; x_wconf 73' lang='lat' dir='ltr'><strong>praesentibus</strong></span> <span class='ocrx_word' id='word_1_38' title='bbox 628 1749 739 1826; x_wconf 73' lang='lat' dir='ltr'><strong>qtram</strong></span> <span class='ocrx_word' id='word_1_39' title='bbox 755 1724 1045 1816; x_wconf 88' lang='lat' dir='ltr'><strong>succedentibus,</strong></span> <span class='ocrx_word' id='word_1_40' title='bbox 1064 1751 1131 1826; x_wconf 88' lang='lat' dir='ltr'><strong>ego</strong></span> <span class='ocrx_word' id='word_1_41' title='bbox 1144 1724 1355 1800; x_wconf 88' lang='lat' dir='ltr'><strong>Gausfridus</strong></span> <span class='ocrx_word' id='word_1_42' title='bbox 1364 1779 1375 1814; x_wconf 96' lang='lat'><strong>,</strong></span> <span class='ocrx_word' id='word_1_43' title='bbox 1394 1726 1624 1824; x_wconf 71' lang='lat' dir='ltr'><strong>praenomine</strong></span> <span class='ocrx_word' id='word_1_44' title='bbox 1640 1724 1766 1825; x_wconf 85' lang='lat' dir='ltr'><strong>Niger,</strong></span> 
     </span>
     <span class='ocr_line' id='line_1_7' title="bbox 375 1829 1769 1936; baseline 0.001 -18"><span class='ocrx_word' id='word_1_45' title='bbox 375 1845 570 1920; x_wconf 88' lang='lat' dir='ltr'><strong>monachus</strong></span> <span class='ocrx_word' id='word_1_46' title='bbox 584 1847 719 1920; x_wconf 88' lang='lat' dir='ltr'><strong>scilicet</strong></span> <span class='ocrx_word' id='word_1_47' title='bbox 732 1845 890 1919; x_wconf 88' lang='lat' dir='ltr'><strong>coenobii</strong></span> <span class='ocrx_word' id='word_1_48' title='bbox 904 1848 1017 1919; x_wconf 86' lang='lat' dir='ltr'><strong>sancti</strong></span> <span class='ocrx_word' id='word_1_49' title='bbox 1032 1844 1131 1921; x_wconf 85' lang='lat' dir='ltr'><strong>Petri</strong></span> <span class='ocrx_word' id='word_1_50' title='bbox 1145 1849 1376 1920; x_wconf 84' lang='lat' dir='ltr'><strong>Carnotensis</strong></span> <span class='ocrx_word' id='word_1_51' title='bbox 1382 1899 1395 1936; x_wconf 91' lang='lat'><strong>,</strong></span> <span class='ocrx_word' id='word_1_52' title='bbox 1410 1829 1623 1919; x_wconf 85' lang='lat' dir='ltr'><strong>subabbate</strong></span> <span class='ocrx_word' id='word_1_53' title='bbox 1639 1847 1769 1920; x_wconf 84' lang='lat' dir='ltr'><strong>Eusta-</strong></span> 
     </span>
     <span class='ocr_line' id='line_1_8' title="bbox 373 1965 1769 2067; baseline 0 -28"><span class='ocrx_word' id='word_1_54' title='bbox 373 1969 455 2043; x_wconf 88' lang='lat' dir='ltr'><strong>chio</strong></span> <span class='ocrx_word' id='word_1_55' title='bbox 468 1966 539 2041; x_wconf 93' lang='lat' dir='ltr'><strong>loci</strong></span> <span class='ocrx_word' id='word_1_56' title='bbox 552 1968 766 2040; x_wconf 87' lang='lat' dir='ltr'><strong>Plancarum</strong></span> <span class='ocrx_word' id='word_1_57' title='bbox 777 1980 1008 2067; x_wconf 83' lang='lat' dir='ltr'><strong>procurator,</strong></span> <span class='ocrx_word' id='word_1_58' title='bbox 1023 1967 1135 2064; x_wconf 89' lang='lat' dir='ltr'><strong>qnod,</strong></span> <span class='ocrx_word' id='word_1_59' title='bbox 1151 1967 1275 2036; x_wconf 86' lang='lat' dir='ltr'><strong>multis</strong></span> <span class='ocrx_word' id='word_1_60' title='bbox 1289 1965 1457 2063; x_wconf 85' lang='lat' dir='ltr'><strong>precibus</strong></span> <span class='ocrx_word' id='word_1_61' title='bbox 1470 1966 1597 2056; x_wconf 87' lang='lat' dir='ltr'><strong>flexus,</strong></span> <span class='ocrx_word' id='word_1_62' title='bbox 1612 1966 1769 2042; x_wconf 88' lang='lat' dir='ltr'><strong>domnus</strong></span> 
     </span>
     <span class='ocr_line' id='line_1_9' title="bbox 373 2084 1769 2190; baseline 0 -28"><span class='ocrx_word' id='word_1_63' title='bbox 373 2088 597 2162; x_wconf 81' lang='lat' dir='ltr'><strong>VVillelmus</strong></span> <span class='ocrx_word' id='word_1_64' title='bbox 624 2087 669 2160; x_wconf 93' lang='lat' dir='ltr'><strong>de</strong></span> <span class='ocrx_word' id='word_1_65' title='bbox 692 2087 840 2159; x_wconf 90' lang='lat' dir='ltr'><strong>Molinis</strong></span> <span class='ocrx_word' id='word_1_66' title='bbox 864 2101 982 2158; x_wconf 86' lang='lat' dir='ltr'><strong>castro</strong></span> <span class='ocrx_word' id='word_1_67' title='bbox 1003 2109 1129 2183; x_wconf 79' lang='lat' dir='ltr'><strong>pravas</strong></span> <span class='ocrx_word' id='word_1_68' title='bbox 1155 2084 1455 2176; x_wconf 79' lang='lat' dir='ltr'><strong>musnetudines,</strong></span> <span class='ocrx_word' id='word_1_69' title='bbox 1483 2113 1568 2187; x_wconf 83' lang='lat' dir='ltr'><strong>quae</strong></span> <span class='ocrx_word' id='word_1_70' title='bbox 1594 2090 1769 2190; x_wconf 86' lang='lat' dir='ltr'><strong>paulatim</strong></span> 
     </span>
     <span class='ocr_line' id='line_1_10' title="bbox 373 2207 1766 2314; baseline 0.004 -32"><span class='ocrx_word' id='word_1_71' title='bbox 373 2210 613 2295; x_wconf 71' lang='lat' dir='ltr'><strong>inoleverant,</strong></span> <span class='ocrx_word' id='word_1_72' title='bbox 633 2233 700 2307; x_wconf 89' lang='lat' dir='ltr'><strong>per</strong></span> <span class='ocrx_word' id='word_1_73' title='bbox 718 2208 863 2307; x_wconf 87' lang='lat' dir='ltr'><strong>iniquos</strong></span> <span class='ocrx_word' id='word_1_74' title='bbox 879 2208 1095 2299; x_wconf 78' lang='lat' dir='ltr'><strong>servientes,</strong></span> <span class='ocrx_word' id='word_1_75' title='bbox 1114 2208 1152 2280; x_wconf 93' lang='lat' dir='ltr'><strong>in</strong></span> <span class='ocrx_word' id='word_1_76' title='bbox 1168 2208 1251 2281; x_wconf 93' lang='lat' dir='ltr'><strong>loco</strong></span> <span class='ocrx_word' id='word_1_77' title='bbox 1266 2207 1481 2282; x_wconf 88' lang='lat' dir='ltr'><strong>Plancarum</strong></span> <span class='ocrx_word' id='word_1_78' title='bbox 1496 2233 1563 2284; x_wconf 91' lang='lat' dir='ltr'><strong>suo</strong></span> <span class='ocrx_word' id='word_1_79' title='bbox 1581 2227 1766 2314; x_wconf 85' lang='lat' dir='ltr'><strong>tempore,</strong></span> 
     </span>
     <span class='ocr_line' id='line_1_11' title="bbox 372 2331 1769 2434; baseline 0.001 -27"><span class='ocrx_word' id='word_1_80' title='bbox 372 2360 427 2407; x_wconf 89' lang='lat' dir='ltr'><strong>eas</strong></span> <span class='ocrx_word' id='word_1_81' title='bbox 443 2331 591 2432; x_wconf 89' lang='lat' dir='ltr'><strong>quidem</strong></span> <span class='ocrx_word' id='word_1_82' title='bbox 606 2355 649 2403; x_wconf 82' lang='lat' dir='ltr'><strong>ex</strong></span> <span class='ocrx_word' id='word_1_83' title='bbox 666 2332 811 2429; x_wconf 85' lang='lat' dir='ltr'><strong>integro</strong></span> <span class='ocrx_word' id='word_1_84' title='bbox 826 2333 904 2403; x_wconf 91' lang='lat' dir='ltr'><strong>Deo</strong></span> <span class='ocrx_word' id='word_1_85' title='bbox 921 2344 957 2403; x_wconf 87' lang='lat' dir='ltr'><strong>et</strong></span> <span class='ocrx_word' id='word_1_86' title='bbox 971 2333 1046 2429; x_wconf 86' lang='lat' dir='ltr'><strong>ejus</strong></span> <span class='ocrx_word' id='word_1_87' title='bbox 1062 2331 1230 2429; x_wconf 80' lang='lat' dir='ltr'><strong>genitrici</strong></span> <span class='ocrx_word' id='word_1_88' title='bbox 1247 2331 1381 2430; x_wconf 83' lang='lat' dir='ltr'><strong>virgini</strong></span> <span class='ocrx_word' id='word_1_89' title='bbox 1398 2333 1522 2406; x_wconf 88' lang='lat' dir='ltr'><strong>Mariae</strong></span> <span class='ocrx_word' id='word_1_90' title='bbox 1538 2349 1645 2434; x_wconf 77' lang='lat' dir='ltr'><strong>atque</strong></span> <span class='ocrx_word' id='word_1_91' title='bbox 1661 2333 1769 2408; x_wconf 84' lang='lat' dir='ltr'><strong>beato</strong></span> 
     </span>
     <span class='ocr_line' id='line_1_12' title="bbox 370 2451 1769 2554; baseline 0.002 -28"><span class='ocrx_word' id='word_1_92' title='bbox 370 2454 534 2553; x_wconf 88' lang='lat' dir='ltr'><strong>apostolo</strong></span> <span class='ocrx_word' id='word_1_93' title='bbox 563 2454 672 2525; x_wconf 88' lang='lat' dir='ltr'><strong>Petro</strong></span> <span class='ocrx_word' id='word_1_94' title='bbox 683 2505 706 2540; x_wconf 90' lang='lat'><strong>,.</strong></span> <span class='ocrx_word' id='word_1_95' title='bbox 725 2478 791 2550; x_wconf 89' lang='lat' dir='ltr'><strong>per</strong></span> <span class='ocrx_word' id='word_1_96' title='bbox 820 2475 1002 2525; x_wconf 81' lang='lat' dir='ltr'><strong>assensum</strong></span> <span class='ocrx_word' id='word_1_97' title='bbox 1030 2451 1094 2524; x_wconf 90' lang='lat' dir='ltr'><strong>filii</strong></span> <span class='ocrx_word' id='word_1_98' title='bbox 1122 2452 1177 2524; x_wconf 89' lang='lat' dir='ltr'><strong>sui</strong></span> <span class='ocrx_word' id='word_1_99' title='bbox 1206 2451 1410 2543; x_wconf 83' lang='lat' dir='ltr'><strong>Rodberti,</strong></span> <span class='ocrx_word' id='word_1_100' title='bbox 1439 2480 1508 2554; x_wconf 88' lang='lat' dir='ltr'><strong>pro</strong></span> <span class='ocrx_word' id='word_1_101' title='bbox 1538 2456 1668 2528; x_wconf 86' lang='lat' dir='ltr'><strong>animae</strong></span> <span class='ocrx_word' id='word_1_102' title='bbox 1693 2481 1769 2529; x_wconf 77' lang='lat' dir='ltr'><strong>suas</strong></span> 
     </span>
     <span class='ocr_line' id='line_1_13' title="bbox 371 2573 1769 2675; baseline 0.002 -25"><span class='ocrx_word' id='word_1_103' title='bbox 371 2577 549 2663; x_wconf 89' lang='lat' dir='ltr'><strong>remedio,</strong></span> <span class='ocrx_word' id='word_1_104' title='bbox 577 2573 822 2664; x_wconf 83' lang='lat' dir='ltr'><strong>condonavit,</strong></span> <span class='ocrx_word' id='word_1_105' title='bbox 846 2573 1058 2675; x_wconf 89' lang='lat' dir='ltr'><strong>donumque</strong></span> <span class='ocrx_word' id='word_1_106' title='bbox 1079 2598 1187 2674; x_wconf 89' lang='lat' dir='ltr'><strong>super</strong></span> <span class='ocrx_word' id='word_1_107' title='bbox 1209 2573 1321 2649; x_wconf 85' lang='lat' dir='ltr'><strong>altare</strong></span> <span class='ocrx_word' id='word_1_108' title='bbox 1338 2592 1472 2650; x_wconf 75' lang='lat' dir='ltr'><strong>sancte</strong></span> <span class='ocrx_word' id='word_1_109' title='bbox 1488 2578 1610 2650; x_wconf 85' lang='lat' dir='ltr'><strong>Mariae</strong></span> <span class='ocrx_word' id='word_1_110' title='bbox 1626 2576 1769 2652; x_wconf 76' lang='lat' dir='ltr'><strong>Plancis</strong></span> 
     </span>
     <span class='ocr_line' id='line_1_14' title="bbox 370 2694 1767 2799; baseline 0.004 -29"><span class='ocrx_word' id='word_1_111' title='bbox 370 2697 513 2799; x_wconf 88' lang='lat' dir='ltr'><strong>publice</strong></span> <span class='ocrx_word' id='word_1_112' title='bbox 532 2698 678 2799; x_wconf 85' lang='lat' dir='ltr'><strong>posuit;</strong></span> <span class='ocrx_word' id='word_1_113' title='bbox 704 2722 747 2770; x_wconf 92' lang='lat' dir='ltr'><strong>eo</strong></span> <span class='ocrx_word' id='word_1_114' title='bbox 768 2694 936 2769; x_wconf 88' lang='lat' dir='ltr'><strong>videlieet</strong></span> <span class='ocrx_word' id='word_1_115' title='bbox 959 2710 1104 2785; x_wconf 88' lang='lat' dir='ltr'><strong>tenore,</strong></span> <span class='ocrx_word' id='word_1_116' title='bbox 1126 2713 1168 2769; x_wconf 89' lang='lat' dir='ltr'><strong>ut</strong></span> <span class='ocrx_word' id='word_1_117' title='bbox 1184 2696 1353 2798; x_wconf 80' lang='lat' dir='ltr'><strong>deinceps</strong></span> <span class='ocrx_word' id='word_1_118' title='bbox 1375 2699 1502 2790; x_wconf 51' lang='lat' dir='ltr'><strong>nunu,</strong></span> <span class='ocrx_word' id='word_1_119' title='bbox 1518 2723 1767 2775; x_wconf 69' lang='lat' dir='ltr'><strong>succusorum</strong></span> 
     </span>
     <span class='ocr_line' id='line_1_15' title="bbox 372 2815 1585 2920; baseline -0.007 -26"><span class='ocrx_word' id='word_1_120' title='bbox 372 2848 521 2896; x_wconf 87' lang='lat' dir='ltr'><strong>suorum</strong></span> <span class='ocrx_word' id='word_1_121' title='bbox 537 2820 583 2894; x_wconf 83' lang='lat' dir='ltr'><strong>iu</strong></span> <span class='ocrx_word' id='word_1_122' title='bbox 593 2818 736 2920; x_wconf 82' lang='lat' dir='ltr'><strong>prefato</strong></span> <span class='ocrx_word' id='word_1_123' title='bbox 755 2818 837 2892; x_wconf 90' lang='lat' dir='ltr'><strong>loco</strong></span> <span class='ocrx_word' id='word_1_124' title='bbox 853 2815 1011 2917; x_wconf 87' lang='lat' dir='ltr'><strong>aliquam</strong></span> <span class='ocrx_word' id='word_1_125' title='bbox 1027 2815 1329 2893; x_wconf 86' lang='lat' dir='ltr'><strong>consuetudinem</strong></span> <span class='ocrx_word' id='word_1_126' title='bbox 1341 2862 1411 2902; x_wconf 25' lang='grc' dir='ltr'><strong>,κ</strong></span> <span class='ocrx_word' id='word_1_127' title='bbox 1560 2823 1585 2905; x_wconf 13' lang='grc' dir='ltr'><strong>ν’</strong></span> 
     </span>
     <span class='ocr_line' id='line_1_16' title="bbox 373 2923 1514 3053; baseline -0.008 -38"><span class='ocrx_word' id='word_1_128' title='bbox 373 2943 574 3030; x_wconf 85' lang='lat' dir='ltr'><strong>teloneum,</strong></span> <span class='ocrx_word' id='word_1_129' title='bbox 594 2964 672 3014; x_wconf 91' lang='lat' dir='ltr'><strong>non</strong></span> <span class='ocrx_word' id='word_1_130' title='bbox 687 2938 872 3049; x_wconf 78' lang='lat' dir='ltr'><strong>bannum,</strong></span> <span class='ocrx_word' id='word_1_131' title='bbox 890 2961 967 3011; x_wconf 91' lang='lat' dir='ltr'><strong>non</strong></span> <span class='ocrx_word' id='word_1_132' title='bbox 987 2937 1216 3030; x_wconf 87' lang='lat' dir='ltr'><strong>incendium,</strong></span> <span class='ocrx_word' id='word_1_133' title='bbox 1235 2965 1312 3013; x_wconf 91' lang='lat' dir='ltr'><strong>non</strong></span> <span class='ocrx_word' id='word_1_134' title='bbox 1340 2928 1450 3053; x_wconf 29' lang='lat'><strong>2³34</strong></span> <span class='ocrx_word' id='word_1_135' title='bbox 1463 2964 1514 3003; x_wconf 71' lang='lat' dir='ltr'><strong>.v</strong></span> 
     </span>
     <span class='ocr_line' id='line_1_17' title="bbox 373 3042 1765 3161; baseline 0.002 -25"><span class='ocrx_word' id='word_1_136' title='bbox 373 3089 447 3151; x_wconf 62' lang='lat' dir='ltr'><strong>case</strong></span> <span class='ocrx_word' id='word_1_137' title='bbox 465 3062 526 3136; x_wconf 83' lang='lat' dir='ltr'><strong>sed</strong></span> <span class='ocrx_word' id='word_1_138' title='bbox 541 3063 588 3134; x_wconf 87' lang='lat' dir='ltr'><strong>sit</strong></span> <span class='ocrx_word' id='word_1_139' title='bbox 606 3063 682 3161; x_wconf 86' lang='lat' dir='ltr'><strong>ipse</strong></span> <span class='ocrx_word' id='word_1_140' title='bbox 698 3060 798 3133; x_wconf 89' lang='lat' dir='ltr'><strong>locus</strong></span> <span class='ocrx_word' id='word_1_141' title='bbox 813 3058 1021 3133; x_wconf 85' lang='lat' dir='ltr'><strong>liberrimus</strong></span> <span class='ocrx_word' id='word_1_142' title='bbox 1038 3057 1083 3131; x_wconf 86' lang='lat' dir='ltr'><strong>ab</strong></span> <span class='ocrx_word' id='word_1_143' title='bbox 1098 3062 1200 3133; x_wconf 91' lang='lat' dir='ltr'><strong>omni</strong></span> <span class='ocrx_word' id='word_1_144' title='bbox 1220 3063 1365 3138; x_wconf 82' lang='lat' dir='ltr'><strong>exaccio</strong></span> <span class='ocrx_word' id='word_1_145' title='bbox 1377 3049 1426 3139; x_wconf 62' lang='lat'><strong>‘2³1</strong></span> <span class='ocrx_word' id='word_1_146' title='bbox 1468 3042 1745 3139; x_wconf 82' lang='lat' dir='ltr'><strong>&#39;consuetudine</strong></span> <span class='ocrx_word' id='word_1_147' title='bbox 1754 3119 1765 3154; x_wconf 90' lang='lat'><strong>,</strong></span> 
     </span>
     <span class='ocr_line' id='line_1_18' title="bbox 371 3181 1770 3286; baseline 0.002 -28"><span class='ocrx_word' id='word_1_148' title='bbox 371 3201 492 3285; x_wconf 81' lang='lat' dir='ltr'><strong>preter</strong></span> <span class='ocrx_word' id='word_1_149' title='bbox 508 3207 617 3257; x_wconf 86' lang='lat' dir='ltr'><strong>unam</strong></span> <span class='ocrx_word' id='word_1_150' title='bbox 633 3208 732 3271; x_wconf 89' lang='lat' dir='ltr'><strong>rem,</strong></span> <span class='ocrx_word' id='word_1_151' title='bbox 753 3181 789 3255; x_wconf 94' lang='lat' dir='ltr'><strong>id</strong></span> <span class='ocrx_word' id='word_1_152' title='bbox 803 3195 858 3255; x_wconf 88' lang='lat' dir='ltr'><strong>est</strong></span> <span class='ocrx_word' id='word_1_153' title='bbox 872 3181 1115 3254; x_wconf 83' lang='lat' dir='ltr'><strong>munitionem</strong></span> <span class='ocrx_word' id='word_1_154' title='bbox 1133 3182 1265 3280; x_wconf 86' lang='lat' dir='ltr'><strong>prefati</strong></span> <span class='ocrx_word' id='word_1_155' title='bbox 1284 3186 1411 3273; x_wconf 59' lang='lat' dir='ltr'><strong>cestrie</strong></span> <span class='ocrx_word' id='word_1_156' title='bbox 1430 3201 1556 3286; x_wconf 85' lang='lat' dir='ltr'><strong>atque,</strong></span> <span class='ocrx_word' id='word_1_157' title='bbox 1572 3210 1658 3260; x_wconf 88' lang='lat' dir='ltr'><strong>cnm</strong></span> <span class='ocrx_word' id='word_1_158' title='bbox 1675 3202 1770 3260; x_wconf 81' lang='lat' dir='ltr'><strong>tem-</strong></span> 
     </span>
     <span class='ocr_line' id='line_1_19' title="bbox 369 3300 1767 3409; baseline 0.001 -31"><span class='ocrx_word' id='word_1_159' title='bbox 369 3333 437 3405; x_wconf 90' lang='lat' dir='ltr'><strong>pus</strong></span> <span class='ocrx_word' id='word_1_160' title='bbox 452 3305 630 3405; x_wconf 77' lang='lat' dir='ltr'><strong>exegerit,</strong></span> <span class='ocrx_word' id='word_1_161' title='bbox 652 3303 782 3377; x_wconf 86' lang='lat' dir='ltr'><strong>incolae</strong></span> <span class='ocrx_word' id='word_1_162' title='bbox 800 3303 990 3375; x_wconf 86' lang='lat' dir='ltr'><strong>memorati</strong></span> <span class='ocrx_word' id='word_1_163' title='bbox 1011 3300 1081 3375; x_wconf 89' lang='lat' dir='ltr'><strong>loci</strong></span> <span class='ocrx_word' id='word_1_164' title='bbox 1102 3303 1271 3376; x_wconf 87' lang='lat' dir='ltr'><strong>muniant</strong></span> <span class='ocrx_word' id='word_1_165' title='bbox 1292 3320 1477 3409; x_wconf 85' lang='lat' dir='ltr'><strong>ostensum</strong></span> <span class='ocrx_word' id='word_1_166' title='bbox 1497 3306 1566 3380; x_wconf 85' lang='lat' dir='ltr'><strong>sibi</strong></span> <span class='ocrx_word' id='word_1_167' title='bbox 1585 3308 1707 3381; x_wconf 89' lang='lat' dir='ltr'><strong>locum</strong></span> <span class='ocrx_word' id='word_1_168' title='bbox 1726 3309 1767 3379; x_wconf 88' lang='lat' dir='ltr'><strong>in</strong></span> 
     </span>
     <span class='ocr_line' id='line_1_20' title="bbox 367 3423 1766 3529; baseline -0.001 -29"><span class='ocrx_word' id='word_1_169' title='bbox 367 3423 533 3529; x_wconf 87' lang='lat' dir='ltr'><strong>predicto</strong></span> <span class='ocrx_word' id='word_1_170' title='bbox 545 3440 680 3512; x_wconf 82' lang='lat' dir='ltr'><strong>castr03</strong></span> <span class='ocrx_word' id='word_1_171' title='bbox 698 3425 884 3499; x_wconf 87' lang='lat' dir='ltr'><strong>teloneum</strong></span> <span class='ocrx_word' id='word_1_172' title='bbox 895 3449 1060 3523; x_wconf 88' lang='lat' dir='ltr'><strong>quoque,</strong></span> <span class='ocrx_word' id='word_1_173' title='bbox 1078 3424 1177 3524; x_wconf 91' lang='lat' dir='ltr'><strong>quod</strong></span> <span class='ocrx_word' id='word_1_174' title='bbox 1190 3427 1477 3523; x_wconf 84' lang='lat' dir='ltr'><strong>pretermisimus</strong></span> <span class='ocrx_word' id='word_1_175' title='bbox 1491 3444 1566 3501; x_wconf 84' lang='lat' dir='ltr'><strong>tam</strong></span> <span class='ocrx_word' id='word_1_176' title='bbox 1578 3427 1624 3501; x_wconf 85' lang='lat' dir='ltr'><strong>ab</strong></span> <span class='ocrx_word' id='word_1_177' title='bbox 1637 3426 1766 3502; x_wconf 85' lang='lat' dir='ltr'><strong>incolis</strong></span> 
     </span>
     <span class='ocr_line' id='line_1_21' title="bbox 370 3545 1765 3653; baseline -0.001 -29"><span class='ocrx_word' id='word_1_178' title='bbox 370 3552 439 3627; x_wconf 91' lang='lat' dir='ltr'><strong>loci</strong></span> <span class='ocrx_word' id='word_1_179' title='bbox 451 3575 561 3653; x_wconf 87' lang='lat' dir='ltr'><strong>quam</strong></span> <span class='ocrx_word' id='word_1_180' title='bbox 571 3577 589 3622; x_wconf 92' lang='lat' dir='ltr'><strong>a</strong></span> <span class='ocrx_word' id='word_1_181' title='bbox 600 3547 806 3623; x_wconf 80' lang='lat' dir='ltr'><strong>forensibus</strong></span> <span class='ocrx_word' id='word_1_182' title='bbox 815 3545 1040 3635; x_wconf 89' lang='lat' dir='ltr'><strong>hominibus,</strong></span> <span class='ocrx_word' id='word_1_183' title='bbox 1058 3560 1191 3636; x_wconf 89' lang='lat' dir='ltr'><strong>totum,</strong></span> <span class='ocrx_word' id='word_1_184' title='bbox 1206 3548 1301 3621; x_wconf 88' lang='lat' dir='ltr'><strong>sicut</strong></span> <span class='ocrx_word' id='word_1_185' title='bbox 1312 3549 1596 3649; x_wconf 72' lang='lat' dir='ltr'><strong>praelibavimus,</strong></span> <span class='ocrx_word' id='word_1_186' title='bbox 1610 3552 1765 3640; x_wconf 75' lang='lat' dir='ltr'><strong>remisit,</strong></span> 
     </span>
     <span class='ocr_line' id='line_1_22' title="bbox 371 3668 1767 3773; baseline -0.002 -25"><span class='ocrx_word' id='word_1_187' title='bbox 371 3671 527 3773; x_wconf 86' lang='lat' dir='ltr'><strong>exceptis</strong></span> <span class='ocrx_word' id='word_1_188' title='bbox 549 3669 779 3751; x_wconf 86' lang='lat' dir='ltr'><strong>solummodo</strong></span> <span class='ocrx_word' id='word_1_189' title='bbox 799 3668 1043 3768; x_wconf 75' lang='lat' dir='ltr'><strong>burgensibus</strong></span> <span class='ocrx_word' id='word_1_190' title='bbox 1067 3669 1293 3744; x_wconf 89' lang='lat' dir='ltr'><strong>Molinorum</strong></span> <span class='ocrx_word' id='word_1_191' title='bbox 1315 3674 1435 3745; x_wconf 86' lang='lat' dir='ltr'><strong>castri.</strong></span> <span class='ocrx_word' id='word_1_192' title='bbox 1460 3672 1566 3746; x_wconf 88' lang='lat' dir='ltr'><strong>Unde</strong></span> <span class='ocrx_word' id='word_1_193' title='bbox 1590 3674 1767 3745; x_wconf 78' lang='lat' dir='ltr'><strong>ramulam</strong></span> 
     </span>
     <span class='ocr_line' id='line_1_23' title="bbox 372 3791 1770 3895; baseline 0 -26"><span class='ocrx_word' id='word_1_194' title='bbox 372 3796 463 3869; x_wconf 88' lang='lat' dir='ltr'><strong>hane</strong></span> <span class='ocrx_word' id='word_1_195' title='bbox 477 3791 555 3868; x_wconf 87' lang='lat' dir='ltr'><strong>fieri</strong></span> <span class='ocrx_word' id='word_1_196' title='bbox 569 3793 763 3880; x_wconf 84' lang='lat' dir='ltr'><strong>voluimus,</strong></span> <span class='ocrx_word' id='word_1_197' title='bbox 783 3809 838 3882; x_wconf 89' lang='lat' dir='ltr'><strong>ut,</strong></span> <span class='ocrx_word' id='word_1_198' title='bbox 854 3791 883 3863; x_wconf 88' lang='lat' dir='ltr'><strong>si</strong></span> <span class='ocrx_word' id='word_1_199' title='bbox 896 3791 978 3892; x_wconf 87' lang='lat' dir='ltr'><strong>quis</strong></span> <span class='ocrx_word' id='word_1_200' title='bbox 990 3791 1165 3891; x_wconf 83' lang='lat' dir='ltr'><strong>profanus</strong></span> <span class='ocrx_word' id='word_1_201' title='bbox 1177 3818 1352 3895; x_wconf 88' lang='lat' dir='ltr'><strong>umquam</strong></span> <span class='ocrx_word' id='word_1_202' title='bbox 1364 3796 1501 3871; x_wconf 75' lang='lat' dir='ltr'><strong>violare</strong></span> <span class='ocrx_word' id='word_1_203' title='bbox 1510 3793 1566 3870; x_wconf 80' lang='lat' dir='ltr'><strong>vel</strong></span> <span class='ocrx_word' id='word_1_204' title='bbox 1580 3798 1770 3870; x_wconf 82' lang='lat' dir='ltr'><strong>contraire</strong></span> 
     </span>
     <span class='ocr_line' id='line_1_24' title="bbox 371 3914 1768 4018; baseline -0.001 -26"><span class='ocrx_word' id='word_1_205' title='bbox 371 3920 455 3992; x_wconf 91' lang='lat' dir='ltr'><strong>huic</strong></span> <span class='ocrx_word' id='word_1_206' title='bbox 478 3917 660 4018; x_wconf 86' lang='lat' dir='ltr'><strong>largitioni</strong></span> <span class='ocrx_word' id='word_1_207' title='bbox 689 3916 938 4015; x_wconf 84' lang='lat' dir='ltr'><strong>temptaverit,</strong></span> <span class='ocrx_word' id='word_1_208' title='bbox 966 3914 1035 3987; x_wconf 88' lang='lat' dir='ltr'><strong>nisi</strong></span> <span class='ocrx_word' id='word_1_209' title='bbox 1061 3916 1136 3988; x_wconf 89' lang='lat' dir='ltr'><strong>cito</strong></span> <span class='ocrx_word' id='word_1_210' title='bbox 1161 3917 1352 4017; x_wconf 88' lang='lat' dir='ltr'><strong>resipuerit</strong></span> <span class='ocrx_word' id='word_1_211' title='bbox 1376 3917 1479 3992; x_wconf 78' lang='lat' dir='ltr'><strong>etad</strong></span> <span class='ocrx_word' id='word_1_212' title='bbox 1503 3918 1768 3993; x_wconf 85' lang='lat' dir='ltr'><strong>emendationis</strong></span> 
     </span>
     <span class='ocr_line' id='line_1_25' title="bbox 370 4037 1768 4141; baseline -0.001 -25"><span class='ocrx_word' id='word_1_213' title='bbox 370 4042 649 4116; x_wconf 71' lang='lat' dir='ltr'><strong>satisfactionem</strong></span> <span class='ocrx_word' id='word_1_214' title='bbox 669 4039 895 4141; x_wconf 87' lang='lat' dir='ltr'><strong>confugerit,</strong></span> <span class='ocrx_word' id='word_1_215' title='bbox 909 4037 958 4110; x_wconf 86' lang='lat' dir='ltr'><strong>’in</strong></span> <span class='ocrx_word' id='word_1_216' title='bbox 980 4038 1125 4112; x_wconf 81' lang='lat' dir='ltr'><strong>inferno</strong></span> <span class='ocrx_word' id='word_1_217' title='bbox 1145 4040 1298 4140; x_wconf 85' lang='lat' dir='ltr'><strong>excipiat</strong></span> <span class='ocrx_word' id='word_1_218' title='bbox 1315 4066 1443 4140; x_wconf 84' lang='lat' dir='ltr'><strong>poenas</strong></span> <span class='ocrx_word' id='word_1_219' title='bbox 1459 4041 1563 4116; x_wconf 85' lang='lat' dir='ltr'><strong>Judae</strong></span> <span class='ocrx_word' id='word_1_220' title='bbox 1580 4038 1768 4116; x_wconf 83' lang='lat' dir='ltr'><strong>traditoris</strong></span> 
     </span>
     <span class='ocr_line' id='line_1_26' title="bbox 371 4162 1767 4266; baseline -0.003 -24"><span class='ocrx_word' id='word_1_221' title='bbox 371 4186 406 4242; x_wconf 90' lang='lat' dir='ltr'><strong>et</strong></span> <span class='ocrx_word' id='word_1_222' title='bbox 426 4168 574 4242; x_wconf 88' lang='lat' dir='ltr'><strong>illorum</strong></span> <span class='ocrx_word' id='word_1_223' title='bbox 592 4167 657 4266; x_wconf 90' lang='lat' dir='ltr'><strong>qui</strong></span> <span class='ocrx_word' id='word_1_224' title='bbox 675 4162 859 4237; x_wconf 87' lang='lat' dir='ltr'><strong>Christum</strong></span> <span class='ocrx_word' id='word_1_225' title='bbox 877 4162 1150 4237; x_wconf 84' lang='lat' dir='ltr'><strong>erucifixerunt.</strong></span> <span class='ocrx_word' id='word_1_226' title='bbox 1172 4166 1297 4239; x_wconf 82' lang='lat' dir='ltr'><strong>Testes</strong></span> <span class='ocrx_word' id='word_1_227' title='bbox 1319 4164 1424 4266; x_wconf 81' lang='lat' dir='ltr'><strong>liujus</strong></span> <span class='ocrx_word' id='word_1_228' title='bbox 1445 4162 1661 4241; x_wconf 83' lang='lat' dir='ltr'><strong>donationis·</strong></span> <span class='ocrx_word' id='word_1_229' title='bbox 1675 4166 1767 4239; x_wconf 81' lang='lat' dir='ltr'><strong>sub-</strong></span> 
     </span>
     <span class='ocr_line' id='line_1_27' title="bbox 370 4285 1769 4389; baseline -0.003 -25"><span class='ocrx_word' id='word_1_230' title='bbox 370 4291 494 4389; x_wconf 89' lang='lat' dir='ltr'><strong>scripti</strong></span> <span class='ocrx_word' id='word_1_231' title='bbox 511 4289 660 4361; x_wconf 86' lang='lat' dir='ltr'><strong>suerunt</strong></span> <span class='ocrx_word' id='word_1_232' title='bbox 678 4287 728 4360; x_wconf 89' lang='lat' dir='ltr'><strong>hii</strong></span> <span class='ocrx_word' id='word_1_233' title='bbox 750 4319 758 4360; x_wconf 75' lang='grc' dir='ltr'><strong>ε</strong></span> <span class='ocrx_word' id='word_1_234' title='bbox 781 4286 987 4360; x_wconf 88' lang='lat' dir='ltr'><strong>Gualterius</strong></span> <span class='ocrx_word' id='word_1_235' title='bbox 1003 4285 1048 4360; x_wconf 92' lang='lat' dir='ltr'><strong>de</strong></span> <span class='ocrx_word' id='word_1_236' title='bbox 1064 4286 1229 4385; x_wconf 81' lang='lat' dir='ltr'><strong>Asperis,</strong></span> <span class='ocrx_word' id='word_1_237' title='bbox 1248 4303 1286 4361; x_wconf 86' lang='lat' dir='ltr'><strong>et</strong></span> <span class='ocrx_word' id='word_1_238' title='bbox 1300 4287 1414 4362; x_wconf 80' lang='lat' dir='ltr'><strong>irater</strong></span> <span class='ocrx_word' id='word_1_239' title='bbox 1434 4293 1509 4389; x_wconf 88' lang='lat' dir='ltr'><strong>ejus</strong></span> <span class='ocrx_word' id='word_1_240' title='bbox 1530 4286 1769 4389; x_wconf 64' lang='lat' dir='ltr'><strong>lngenulfns&#39;s·</strong></span> 
     </span>
     <span class='ocr_line' id='line_1_28' title="bbox 370 4407 1761 4511; baseline -0.004 -22"><span class='ocrx_word' id='word_1_241' title='bbox 370 4414 565 4489; x_wconf 86' lang='lat' dir='ltr'><strong>Balduinus</strong></span> <span class='ocrx_word' id='word_1_242' title='bbox 577 4413 622 4484; x_wconf 86' lang='lat' dir='ltr'><strong>de</strong></span> <span class='ocrx_word' id='word_1_243' title='bbox 635 4413 805 4485; x_wconf 85' lang='lat' dir='ltr'><strong>Mellente</strong></span> <span class='ocrx_word' id='word_1_244' title='bbox 819 4426 957 4502; x_wconf 86' lang='lat' dir='ltr'><strong>castro,</strong></span> <span class='ocrx_word' id='word_1_245' title='bbox 972 4412 1166 4510; x_wconf 83' lang='lat' dir='ltr'><strong>Rotgerius</strong></span> <span class='ocrx_word' id='word_1_246' title='bbox 1176 4407 1327 4511; x_wconf 79' lang='lat' dir='ltr'><strong>dapifer,</strong></span> <span class='ocrx_word' id='word_1_247' title='bbox 1341 4410 1568 4486; x_wconf 84' lang='lat' dir='ltr'><strong>VVillelmus</strong></span> <span class='ocrx_word' id='word_1_248' title='bbox 1577 4411 1761 4498; x_wconf 56' lang='lat' dir='ltr'><strong>&#39;secudum</strong></span> 
     </span>
     <span class='ocr_line' id='line_1_29' title="bbox 370 4533 1766 4634; baseline -0.007 -19"><span class='ocrx_word' id='word_1_249' title='bbox 370 4536 522 4615; x_wconf 88' lang='lat' dir='ltr'><strong>VViddo</strong></span> <span class='ocrx_word' id='word_1_250' title='bbox 543 4535 586 4608; x_wconf 91' lang='lat' dir='ltr'><strong>de</strong></span> <span class='ocrx_word' id='word_1_251' title='bbox 604 4534 771 4608; x_wconf 87' lang='lat' dir='ltr'><strong>Medante</strong></span> <span class='ocrx_word' id='word_1_252' title='bbox 792 4550 929 4624; x_wconf 85' lang='lat' dir='ltr'><strong>castro,</strong></span> <span class='ocrx_word' id='word_1_253' title='bbox 952 4548 989 4606; x_wconf 90' lang='lat' dir='ltr'><strong>et</strong></span> <span class='ocrx_word' id='word_1_254' title='bbox 1012 4533 1213 4632; x_wconf 87' lang='lat' dir='ltr'><strong>Stephanus</strong></span> <span class='ocrx_word' id='word_1_255' title='bbox 1220 4561 1231 4622; x_wconf 74' lang='grc' dir='ltr'><strong><em>ς</em></strong></span> <span class='ocrx_word' id='word_1_256' title='bbox 1257 4534 1474 4624; x_wconf 75' lang='lat' dir='ltr'><strong>unebertus,</strong></span> <span class='ocrx_word' id='word_1_257' title='bbox 1493 4535 1651 4634; x_wconf 87' lang='lat' dir='ltr'><strong>armiger</strong></span> <span class='ocrx_word' id='word_1_258' title='bbox 1664 4537 1766 4632; x_wconf 66' lang='lat' dir='ltr'><strong>cjusa</strong></span> 
     </span>
     <span class='ocr_line' id='line_1_30' title="bbox 371 4651 1769 4761; baseline -0.006 -27"><span class='ocrx_word' id='word_1_259' title='bbox 371 4660 580 4761; x_wconf 85' lang='lat' dir='ltr'><strong>Rotgerius,</strong></span> <span class='ocrx_word' id='word_1_260' title='bbox 605 4673 641 4728; x_wconf 88' lang='lat' dir='ltr'><strong>et</strong></span> <span class='ocrx_word' id='word_1_261' title='bbox 661 4656 869 4730; x_wconf 88' lang='lat' dir='ltr'><strong>Tescelinus</strong></span> <span class='ocrx_word' id='word_1_262' title='bbox 893 4656 937 4730; x_wconf 89' lang='lat' dir='ltr'><strong>de</strong></span> <span class='ocrx_word' id='word_1_263' title='bbox 960 4656 1149 4756; x_wconf 81' lang='lat' dir='ltr'><strong>Scagiolis3</strong></span> <span class='ocrx_word' id='word_1_264' title='bbox 1171 4656 1388 4748; x_wconf 74' lang='lat' dir='ltr'><strong>lescelinus,</strong></span> <span class='ocrx_word' id='word_1_265' title='bbox 1407 4651 1504 4730; x_wconf 83' lang='lat' dir='ltr'><strong>filius</strong></span> <span class='ocrx_word' id='word_1_266' title='bbox 1520 4654 1706 4745; x_wconf 86' lang='lat' dir='ltr'><strong>llicourdi,</strong></span> <span class='ocrx_word' id='word_1_267' title='bbox 1726 4668 1769 4730; x_wconf 79' lang='lat' dir='ltr'><strong>ct</strong></span> 
     </span>
     <span class='ocr_line' id='line_1_31' title="bbox 372 4774 1761 4876; baseline -0.005 -20"><span class='ocrx_word' id='word_1_268' title='bbox 372 4779 587 4870; x_wconf 84' lang='lat' dir='ltr'><strong>Rotbertus,</strong></span> <span class='ocrx_word' id='word_1_269' title='bbox 606 4777 700 4849; x_wconf 86' lang='lat' dir='ltr'><strong>filius</strong></span> <span class='ocrx_word' id='word_1_270' title='bbox 718 4780 805 4875; x_wconf 87' lang='lat' dir='ltr'><strong>ejus.</strong></span> <span class='ocrx_word' id='word_1_271' title='bbox 823 4782 873 4847; x_wconf 86' lang='lat' dir='ltr'><strong>Ex</strong></span> <span class='ocrx_word' id='word_1_272' title='bbox 889 4793 990 4876; x_wconf 88' lang='lat' dir='ltr'><strong>parte</strong></span> <span class='ocrx_word' id='word_1_273' title='bbox 1005 4774 1142 4848; x_wconf 88' lang='lat' dir='ltr'><strong>abbatis</strong></span> <span class='ocrx_word' id='word_1_274' title='bbox 1160 4776 1339 4850; x_wconf 86' lang='lat' dir='ltr'><strong>Eustachii</strong></span> <span class='ocrx_word' id='word_1_275' title='bbox 1357 4810 1365 4849; x_wconf 77' lang='grc' dir='ltr'><strong><em>ε</em></strong></span> <span class='ocrx_word' id='word_1_276' title='bbox 1381 4779 1562 4852; x_wconf 89' lang='lat' dir='ltr'><strong>Guarinus</strong></span> <span class='ocrx_word' id='word_1_277' title='bbox 1579 4774 1761 4867; x_wconf 84' lang='lat' dir='ltr'><strong>sacerdos,</strong></span> 
     </span>
     <span class='ocr_line' id='line_1_32' title="bbox 372 4897 1763 4999; baseline -0.003 -24"><span class='ocrx_word' id='word_1_278' title='bbox 372 4902 548 4982; x_wconf 83' lang='lat' dir='ltr'><strong>Ernulfus</strong></span> <span class='ocrx_word' id='word_1_279' title='bbox 566 4901 734 4988; x_wconf 89' lang='lat' dir='ltr'><strong>clericus,</strong></span> <span class='ocrx_word' id='word_1_280' title='bbox 754 4899 951 4973; x_wconf 90' lang='lat' dir='ltr'><strong>Rainoldus</strong></span> <span class='ocrx_word' id='word_1_281' title='bbox 966 4898 1080 4971; x_wconf 86' lang='lat' dir='ltr'><strong>Rufus</strong></span> <span class='ocrx_word' id='word_1_282' title='bbox 1087 4928 1097 4987; x_wconf 82' lang='lat'>3</span> <span class='ocrx_word' id='word_1_283' title='bbox 1116 4900 1312 4998; x_wconf 85' lang='lat' dir='ltr'><strong>Rogerius,</strong></span> <span class='ocrx_word' id='word_1_284' title='bbox 1331 4900 1425 4973; x_wconf 89' lang='lat' dir='ltr'><strong>filius</strong></span> <span class='ocrx_word' id='word_1_285' title='bbox 1437 4897 1649 4974; x_wconf 88' lang='lat' dir='ltr'><strong>VViddonis</strong></span> <span class='ocrx_word' id='word_1_286' title='bbox 1663 4923 1763 4999; x_wconf 89' lang='lat' dir='ltr'><strong>pres·</strong></span> 
     </span>
    </p>
   </div>
   <div class='ocr_carea' id='block_1_5' title="bbox 0 0 2218 6117">
    <p class='ocr_par' dir='ltr' id='par_1_5' title="bbox 0 0 2218 6117">
     <span class='ocr_line' id='line_1_33' title="bbox 0 0 2218 6117; baseline 0 0"><span class='ocrx_word' id='word_1_287' title='bbox 0 0 2218 6117; x_wconf 95' lang='lat' dir='ltr'><strong> </strong></span> 
     </span>
    </p>
   </div>
  </div>
 </body>
</html>
