4462 6120
742 761 780 840 S.
803 763 946 840 PETRI
971 755 1310 834 CARNOTENSIS.
1654 753 1723 827 138

800 1046 1153 1139 CAPITULUM
1188 1045 1249 1134 X.

376 1298 420 1359 De
436 1299 562 1360 ecclesiae
576 1297 707 1359 Gmciaei
722 1297 892 1372 medietate,
908 1309 937 1356 et
952 1308 1026 1356 terra
1041 1295 1106 1355 data
1126 1294 1162 1354 ab
1177 1292 1303 1354 Herside
1317 1306 1448 1355 matrona
1461 1292 1565 1354 Sancto
1581 1294 1676 1354 Petro.

381 1558 399 1598 n
420 1529 463 1600 ln
483 1528 633 1602 nomine
649 1543 782 1600 sauctae
799 1543 836 1601 et
858 1524 1054 1599 individuae
1072 1526 1283 1614 Trinitatis,
1306 1518 1421 1598 Patris
1437 1541 1474 1597 ct
1490 1524 1573 1597 Filii
1591 1541 1627 1599 et
1643 1525 1727 1626 Spi·
1753 1542 1812 1605 ,Ante
1825 1556 1847 1586 ι·
1862 1539 1931 1588 ¹⁰80·

329 1650 421 1722 ritus
438 1651 573 1722 Sancti.
593 1651 673 1750 Ego
690 1648 894 1737 Hubertus,
911 1648 1021 1722 nullis
1039 1648 1245 1721 extantibus
1262 1648 1420 1737 meritis,
1439 1645 1566 1737 abbas,
1586 1649 1728 1722 omnis-

328 1795 400 1873 que
436 1771 669 1871 congregatio
698 1767 964 1845 monachornm
998 1769 1160 1843 coenobii
1191 1771 1311 1843 Sancti
1346 1771 1443 1842 Petri
1480 1770 1723 1844 carnotensis.

328 1898 467 1967 Notum
484 1918 558 1968 esse
571 1892 756 1981 volumus,
778 1910 851 1966 tam
867 1892 1108 1993 praesentibus
1121 1920 1232 1994 qnam
1248 1892 1382 1965 futuris
1391 1947 1402 1983 ,
1424 1908 1556 1965 sanctae
1575 1893 1641 1967 Dei
1656 1918 1727 1965 aec·

329 2016 445 2089 clesiae
477 2014 663 2104 fidelibus,
694 2016 868 2116 quoniam
894 2014 1061 2118 quaedam
1078 2016 1224 2106 mulier,
1249 2014 1433 2088 Hersindis
1456 2016 1629 2103 nomine,
1652 2021 1727 2115 jum

329 2153 479 2212 mortuo
494 2164 561 2212 suo
575 2139 674 2227 viro,
693 2153 729 2211 et
746 2137 873 2211 orbata
889 2133 993 2228 filiis,
1009 2134 1072 2210 diu
1089 2165 1317 2213 commorans
1336 2137 1376 2210 in
1393 2138 1581 2213 territorio
1594 2140 1729 2213 Dorca-

329 2261 397 2333 sini
413 2261 541 2350 castri,
558 2261 595 2333 in
613 2259 696 2335 loco
712 2260 848 2333 scilicet
864 2261 926 2362 qui
942 2277 1095 2333 vocatur
1110 2260 1303 2333 Cruciacus
1312 2289 1323 2349 ;
1342 2258 1428 2332 dnm
1445 2287 1488 2335 ex
1506 2288 1609 2335 more
1626 2260 1729 2333 mili·

329 2384 396 2455 tari
415 2385 549 2457 servire
563 2401 768 2485 cogeretur,
787 2411 856 2483 pro
873 2382 1052 2458 beneficio
1068 2383 1170 2487 quod
1183 2380 1327 2457 tenebat
1343 2383 1387 2457 de
1403 2383 1542 2460 domno
1555 2381 1725 2473 Alberto,

329 2505 406 2581 lilio
419 2505 586 2581 videlicet
599 2505 741 2581 Ribaldi
761 2507 948 2580 clarissimi
966 2509 1057 2596 viri,
1077 2511 1224 2608 ejusque
1237 2507 1376 2581 servicii
1392 2506 1512 2597 mole,
1532 2524 1575 2580 ut
1592 2506 1729 2608 fragilis

327 2629 473 2718 mulier,
504 2628 700 2705 admodum
730 2647 961 2730 gravaretur,
993 2630 1135 2704 salubre
1165 2632 1395 2732 propositum
1424 2631 1582 2732 eligens,
1613 2630 1728 2705 donni

329 2750 496 2824 Landrici
512 2750 664 2842 abbatis,
679 2755 913 2829 antecessoris
926 2754 1012 2842 mei,
1029 2755 1259 2855 praesentiam
1275 2754 1381 2843 adiit,
1401 2752 1536 2828 obnixe
1548 2770 1674 2853 petens
1687 2770 1730 2826 nt

328 2899 389 2944 sua
406 2899 512 2973 prece
525 2872 712 2949 obtineret
729 2891 816 2975 aput
833 2875 1010 2950 domnum
1027 2903 1135 2949 suum
1149 2876 1367 2977 praedictum
1382 2874 1594 2967 Albertum,
1610 2875 1730 2975 quati·

329 3021 417 3084 nus,
433 3022 501 3094 pro
517 2996 636 3068 anima
653 3024 715 3069 sua
733 3014 770 3069 et
789 3024 858 3097 pro
876 2996 1064 3071 animabus
1082 3015 1277 3100 parentum
1294 3024 1466 3087 suorum,
1491 2999 1638 3072 daretur
1661 2994 1729 3070 sibi

328 3117 478 3191 facultas
494 3116 703 3192 dimittendi
722 3134 829 3192 terrae
845 3146 919 3192 snae
936 3118 1166 3194 medietatem
1184 3122 1317 3195 Sancto
1335 3120 1465 3208 Petro,
1486 3120 1645 3219 propriis
1661 3118 1732 3191 usi-

329 3238 397 3313 bus
414 3241 523 3315 altera
542 3240 732 3315 medietate
747 3256 889 3315 retenta
909 3243 987 3316 sine
1008 3243 1156 3316 servitio
1172 3241 1260 3315 dum
1276 3240 1470 3314 adviveret.
1492 3240 1610 3334 Quam
1627 3268 1728 3329 rern,

329 3380 466 3439 uterat
481 3364 750 3439 liberalissimus
764 3392 804 3438 ac
823 3366 900 3439 Deo
916 3364 1068 3441 devotus
1084 3366 1274 3467 nostrique
1292 3363 1361 3438 loci
1382 3363 1616 3437 amicissimus
1632 3389 1731 3463 prae-

329 3485 423 3558 fatus
441 3484 631 3577 Albertus,
649 3487 888 3561 libentissime
901 3489 1044 3560 amnuit
1059 3513 1099 3561 ea
1116 3487 1251 3560 scilicet
1267 3486 1429 3575 ratione,
1447 3502 1508 3574 ut,
1528 3502 1610 3587 post
1626 3511 1732 3561 mor-

329 3625 404 3682 tem
425 3608 589 3681 mulieris
599 3663 610 3698 ,
634 3636 716 3710 pars
732 3624 909 3708 retempta
924 3608 970 3681 ab
987 3635 1044 3698 ea,
1066 3634 1150 3680 cum
1167 3602 1339 3682 omnibus
1354 3605 1534 3680 militibus
1551 3606 1594 3680 ad
1611 3609 1731 3709 ipsum

329 3731 455 3804 fiscum
466 3731 749 3831 pertinentibus,
764 3748 800 3806 et
811 3730 981 3806 medietas
991 3732 1150 3805 aecclesie
1162 3731 1323 3804 Cruciaci
1332 3730 1439 3805 Villae
1449 3757 1559 3832 quam
1569 3728 1729 3822 tenebat,

329 3853 373 3927 ad
389 3854 565 3928 Sanctum
582 3857 731 3929 Petrum
748 3855 897 3930 rediret.
916 3855 999 3949 Quo
1020 3854 1140 3944 facto,
1158 3871 1241 3954 post
1257 3869 1416 3928 mortem
1432 3852 1648 3944 amborum,
1669 3853 1733 3928 ab·

329 3975 421 4050 batis
443 3978 577 4051 scilicet
604 3977 772 4052 Landrici
800 4004 840 4052 ac
864 3979 981 4079 sepius
1002 3976 1217 4054 nominandi
1235 3977 1361 4053 domni
1378 3975 1542 4067 Alberti,
1561 3976 1732 4079 praedicta

329 4117 513 4191 nutrona,
534 4101 729 4175 incurabili
755 4102 888 4178 morbo
912 4128 1100 4203 percussa,
1126 4102 1359 4203 praesentiam
1383 4116 1546 4176 nostram
1570 4100 1676 4191 adiit,
1696 4118 1733 4177 et

329 4222 559 4298 medietatem
584 4226 748 4298 Cruciaci
779 4225 876 4299 villae
901 4227 1094 4315 aecclesiae,
1123 4251 1233 4327 quarn
1255 4223 1400 4299 tenebat
1424 4241 1603 4326 perpetuo
1623 4228 1730 4326 jure,

330 4345 436 4423 beato
449 4347 558 4421 Petro
571 4348 749 4448 apostolo,
766 4363 803 4422 et
814 4366 930 4423 cetera
943 4375 1025 4450 quae
1037 4350 1277 4449 praemisimus
1292 4346 1512 4423 contradidit
1521 4377 1532 4439 3
1548 4375 1592 4424 eo
1602 4348 1733 4423 videli-

331 4487 388 4544 cet
403 4487 547 4557 tenore,
567 4489 609 4544 ut
623 4472 702 4543 viva
716 4489 989 4573 procuraretur,
1008 4489 1152 4548 mortua
1166 4500 1184 4545 a
1199 4470 1307 4547 nobis
1319 4471 1546 4572 sepeliretur,
1563 4488 1600 4546 et
1613 4473 1732 4546 anima

331 4598 405 4692 ejus
426 4621 467 4667 ac
491 4595 610 4667 unicae
632 4594 735 4684 filise,
759 4593 868 4697 Alpes
885 4598 1057 4690 nomine,
1079 4613 1116 4672 et
1133 4598 1298 4697 conjugis
1319 4595 1502 4685 Gauslini,
1524 4621 1669 4670 necnon
1695 4612 1732 4670 et

330 4718 499 4792 omnium
514 4735 707 4817 parentum
725 4745 875 4795 suorum
889 4720 1042 4811 animae,
1061 4747 1127 4823 per
1146 4721 1353 4822 apostolum
1368 4721 1518 4794 Petrum
1536 4735 1573 4793 et
1588 4718 1733 4794 oratio·

331 4863 423 4910 num
450 4855 660 4915 nostrarum
688 4841 878 4944 suffragia,
902 4840 947 4916 ab
974 4843 1076 4918 omni
1106 4842 1256 4918 vinculo
1277 4857 1511 4944 peccatorum
1534 4839 1730 4931 absolntae,

326 4962 473 5059 januam
493 4961 630 5036 intrare
652 4982 881 5040 mererentur
897 4981 1035 5041 aeterne
1056 4966 1155 5040 vitae.
1182 4966 1276 5039 Huic
1293 4980 1415 5039 autem
1431 4963 1638 5066 largitioni,
1658 4963 1734 5064 ipsa
