4462 6120
428 756 500 828 200
950 750 1297 830 MONASTERlUM

426 888 582 978 habeant
597 920 634 978 et
649 901 872 1005 possideant,
889 903 982 974 sicut
1000 925 1085 1000 ego,
1109 919 1145 976 et
1160 918 1263 1003 pater
1277 927 1378 976 meus
1396 902 1517 994 Droco
1533 927 1669 994 comes,
1690 904 1822 981 habui-

426 1052 507 1098 mus
523 1042 561 1099 et
575 1024 814 1125 possedimus,
832 1037 971 1097 remota
988 1023 1089 1097 omni
1111 1023 1372 1098 consuetudine
1386 1039 1424 1097 et
1442 1025 1692 1124 inquietudine
1705 1025 1821 1103 archi-

425 1147 581 1222 diaconi.
597 1144 766 1221 Concedo
779 1147 889 1220 etiam
901 1161 1035 1218 terram
1051 1144 1146 1216 intra
1160 1126 1309 1233 vallem,
1329 1146 1422 1217 sicut
1436 1143 1527 1221 olim
1543 1160 1700 1219 castrum
1712 1146 1821 1221 fin'sse

426 1268 586 1356 videtum
612 1267 788 1342 decimam
808 1291 956 1370 quoque
972 1264 1153 1364 pecudum
1169 1280 1278 1367 atquc
1288 1269 1542 1365 jumentorum
1552 1321 1563 1357 ‚
1583 1267 1765 1342 candelam
1784 1286 1820 1343 et

425 1416 574 1488 panem,
597 1415 741 1466 necnon
763 1406 800 1464 et
821 1386 1044 1489 sepulturam
1065 1387 1257 1462 hominum
1275 1387 1365 1462 inibi
1384 1388 1642 1478 habitantium
1669 1388 1820 1462 inferius

424 1538 570 1612 quoque
592 1537 707 1585 unum
730 1511 902 1600 furnum,
929 1535 1013 1583 cum
1031 1523 1125 1581 terra
1147 1509 1186 1581 in
1205 1509 1382 1610 quesitus
1401 1525 1473 1597 est,
1492 1513 1554 1612 qui
1573 1510 1744 1586 omnibus
1762 1513 1821 1583 in-

425 1635 513 1708 colis
539 1634 786 1734 superioribus
810 1649 846 1707 et
873 1631 1107 1706 inferioribus
1133 1634 1179 1704 sit
1205 1632 1397 1733 singularis
1417 1664 1425 1705 ι
1444 1631 1544 1733 quod
1566 1634 1594 1705 si
1618 1632 1715 1718 solus
1742 1660 1819 1706 nou

424 1755 554 1828 sufficit
576 1756 767 1849 omnibus,
789 1779 898 1829 nemo
915 1755 1070 1827 alterum
1086 1769 1301 1852 potestatem
1319 1751 1507 1827 edificandi
1529 1751 1676 1842 habeat,
1701 1780 1820 1855 neque

424 1877 576 1951 inferius
603 1903 722 1978 neque
746 1879 910 1978 superius
922 1929 933 1964 ,
962 1875 1030 1948 nisi
1053 1874 1221 1950 monachi
1249 1901 1409 1977 quorum
1434 1877 1506 1949 erit
1530 1877 1820 1950 emolumentum

424 1998 538 2073 furni.
559 1999 747 2074 Boetiam
765 2025 832 2099 per
855 2025 998 2098 campos
1023 2015 1158 2072 terram
1183 2016 1363 2100 quantum
1384 2014 1543 2072 aratrum
1566 2025 1696 2075 eorum
1719 2024 1819 2072 arare

423 2123 578 2220 poterit,
601 2148 685 2194 cum
702 2121 858 2209 decima;
884 2145 962 2195 nou
978 2121 1087 2220 longe
1104 2121 1240 2221 quippe
1258 2120 1305 2192 ab
1321 2120 1479 2194 aecclesia
1496 2118 1697 2194 molendini
1714 2121 1819 2193 unius

421 2243 650 2318 medietatem
674 2238 711 2317 et
732 2244 961 2344 piscatoriam
985 2269 1094 2315 unam
1120 2243 1158 2315 in
1184 2243 1278 2316 Villa
1301 2243 1414 2317 Nova.
1443 2241 1635 2316 Assensum
1663 2242 1819 2343 denique

421 2364 593 2440 omnibus
615 2368 705 2439 meis
726 2365 892 2440 fidelibus
913 2364 1080 2466 praebeo,
1102 2366 1272 2465 quatinus
1293 2366 1337 2436 de
1359 2364 1468 2438 rebus
1485 2366 1643 2464 propriis
1663 2390 1752 2466 quas
1775 2389 1820 2437 ex

422 2468 554 2564 nostrti
563 2487 743 2564 beneficio
757 2488 928 2562 videntur
940 2489 1079 2575 tenere,
1097 2504 1171 2560 tam
1187 2489 1225 2558 iu
1240 2486 1346 2560 terris
1357 2509 1467 2588 quam
1482 2486 1519 2559 in
1532 2483 1693 2574 decimis,
1707 2487 1819 2559 licen·

423 2611 509 2683 tiam
532 2608 688 2685 habeant
714 2610 821 2685 dandi
847 2625 972 2684 sancto
994 2611 1125 2697 Petro;
1153 2626 1196 2682 ut
1219 2608 1391 2709 praelatus
1418 2609 1539 2697 locus,
1571 2610 1628 2682 cui
1656 2607 1819 2681 dedimus

422 2733 586 2821 initium,
598 2722 827 2807 deserviaitur
844 2761 863 2805 a
879 2731 1067 2806 monachis
1079 2729 1138 2804 die
1156 2749 1359 2831 noctuque3
1378 2749 1414 2805 et
1430 2756 1506 2805 non
1523 2731 1639 2806 solum
1657 2756 1722 2829 per
1736 2755 1816 2817 me,

421 2871 474 2926 set
499 2855 608 2927 etiam
637 2881 702 2953 per
731 2853 852 2926 fideles
876 2879 996 2941 meos,
1023 2870 1295 2952 augmentetur,
1321 2869 1362 2924 ut
1390 2855 1543 2953 pariter,
1574 2852 1681 2927 beato
1708 2853 1819 2924 Petro

421 2975 584 3073 apostolo
603 2975 885 3063 interveniente,
900 3000 919 3046 a
935 2988 1168 3075 peccatorum
1192 2975 1345 3047 vinculis
1362 2974 1542 3077 absoluti,
1559 3001 1763 3073 moneamur
1780 2977 1817 3046 in

421 3095 630 3169 coelestibus
652 3094 774 3195 regnis
801 3111 1010 3169 sanctorum
1034 3096 1201 3168 omnium
1225 3111 1410 3179 consortes
1438 3097 1539 3181 fieri,
1567 3096 1674 3170 bonis
1700 3095 1818 3195 adepti

421 3236 568 3292 aeternoe
584 3219 725 3317 gloriae.
745 3217 781 3289 si
804 3218 885 3315 quis
905 3232 1027 3287 autem
1048 3212 1276 3312 prophanus,
1300 3214 1481 3291 diabolico
1506 3216 1703 3306 instinctu,
1726 3215 1818 3291 hanc

420 3355 556 3412 cartam
567 3314 849 3426 contradicendo
863 3332 1048 3408 adnullare
1061 3337 1311 3435 temptaverit,
1327 3361 1391 3410 ore
1404 3338 1469 3409 Dei
1484 3352 1519 3410 et
1534 3339 1702 3412 omnium
1714 3362 1819 3413 sanc-

421 3476 544 3535 torum
560 3458 915 3545 excommunicatus,
936 3456 1005 3528 nisi
1027 3457 1219 3556 resipuerit
1240 3455 1491 3533 satisfaciendo
1497 3459 1756 3558 spermane'at,
1781 3478 1818 3536 et

420 3585 496 3679 auri
515 3582 625 3655 libras
641 3581 679 3654 X
693 3579 824 3681 phiscis
838 3579 932 3678 regis
948 3578 1146 3677 persolvat,
1167 3578 1338 3680 nisusque
1355 3582 1430 3678 ejus
1443 3580 1605 3655 inefficax
1618 3599 1813 3683 remaneat,

420 3704 560 3777 Placuit
576 3705 685 3776 etiam
702 3717 838 3773 cartam
855 3698 967 3788 hanc,
993 3717 1033 3773 ut
1052 3700 1261 3775 inconvulsa
1281 3717 1510 3801 permaneat,
1535 3727 1647 3776 mauu
1668 3707 1817 3805 propria

420 3852 504 3897 cum
516 3826 631 3907 crucis
644 3826 763 3924 signo,
776 3820 1026 3912 corroborari3
1043 3821 1280 3925 manibusque
1290 3850 1458 3899 meorum
1468 3818 1630 3899 fidelium
1641 3825 1818 3902 corrobo-

419 3940 573 4019 randum
585 3945 686 4020 tradi
712 3961 832 4018 ratum
848 3934 1037 4034 duximus,
1056 3965 1216 4046 quorum
1233 3949 1382 4022 nomina
1400 3947 1601 4050 subscripta
1619 3947 1812 4024 habentur.

381 4164 384 4169 .
420 4069 556 4170 Bisque
568 4067 749 4144 dominica
762 4093 846 4175 quae
860 4066 994 4140 dicitur
1007 4067 1130 4156 LXX,
1145 4094 1243 4146 ιιιιιιο
1253 4052 1401 4150 -XXllll
1414 4096 1517 4170 regni
1508 4061 1719 4145 llainrici
1704 4074 1813 4172 regis,

407 4217 566 4291 super
546 4180 666 4269 altare
696 4192 808 4265 sancti
833 4191 930 4264 Petri
958 4188 1106 4266 Gesiaco
1118 4244 1130 4281 ‚
1160 4168 1243 4293 quie
1268 4192 1439 4294 praefati
1439 4193 1527 4268 cella
1552 4209 1606 4267 est
1630 4192 1812 4283 coenobii,

417 4290 775 4412 publiceposuimus.
767 4306 998 4401 .'l¹cduinus,
1015 4313 1212 4388 vicecomes
1231 4314 1413 4389 Mellentis
1429 4319 1548 4400 castri.
1565 4315 1751 4406 Geato,
1717 4339 1814 4390 vroe·

419 4460 537 4521 comes
558 4435 662 4507 castri
686 4433 797 4507 Calidi
816 4434 966 4509 Montis.
985 4414 1164 4508 Nivaidus
1179 4433 1223 4509 de
1240 4435 1367 4514 Monte
1378 4438 1495 4512 Foru
1512 4436 1684 4553 liedulfus
1696 4436 1814 4513 Malus

419 4559 579 4657 Vicinps.
580 4546 808 4632 Gualterius
827 4556 871 4629 de
894 4558 1076 4632 Pensiacb
1106 4559 1231 4660 Drogo
1257 4520 1301 4634 de
1328 4561 1507 4634 Cullante.
1519 4558 1755 4634 Guarnerius
1775 4577 1814 4633 et

419 4658 696 4773 Αιιιιιίιίοθιῗᾶθ
702 4650 817 4777 Potite
842 4682 958 4752 lserae.
988 4680 1161 4756 Radulfus
1178 4680 1373 4758 Delicatus.
1390 4670 1633 4761 VValterius
1637 4685 1810 4757 Francus.

418 4802 546 4875 Ericus
562 4819 600 4874 et
617 4780 831 4903 lngelcrius‚
848 4801 989 4876 fratres.
1007 4834 1023 4872 ιι
1402 4810 1418 4847 '²
1452 4859 1457 4868 .
