<?xml version="1.0" encoding="UTF-8"?>
<!DOCTYPE html PUBLIC "-//W3C//DTD XHTML 1.0 Transitional//EN"
    "http://www.w3.org/TR/xhtml1/DTD/xhtml1-transitional.dtd">
<html xmlns="http://www.w3.org/1999/xhtml" xml:lang="en" lang="en">
 <head>
  <title>
</title>
<meta http-equiv="Content-Type" content="text/html;charset=utf-8" />
  <meta name='ocr-system' content='tesseract 3.04.00' />
  <meta name='ocr-capabilities' content='ocr_page ocr_carea ocr_par ocr_line ocrx_word'/>
</head>
<body>
  <div class='ocr_page' id='page_1' title='image "./cartulairedelab00abbegoog_0597.png"; bbox 0 0 4426 6120; ppageno 0'>
   <div class='ocr_carea' id='block_1_1' title="bbox 751 739 1724 814">
    <p class='ocr_par' dir='ltr' id='par_1_1' title="bbox 751 739 1724 814">
     <span class='ocr_line' id='line_1_1' title="bbox 751 739 1724 814; baseline 0 -2"><span class='ocrx_word' id='word_1_1' title='bbox 751 740 950 813; x_wconf 56' lang='lat' dir='ltr'><strong>summu</strong></span> <span class='ocrx_word' id='word_1_2' title='bbox 976 739 1311 814; x_wconf 81' lang='lat' dir='ltr'><strong>CARNOTENSlS.</strong></span> <span class='ocrx_word' id='word_1_3' title='bbox 1653 744 1724 812; x_wconf 78' lang='lat'><strong>213</strong></span> 
     </span>
    </p>
   </div>
   <div class='ocr_carea' id='block_1_2' title="bbox 339 883 1727 1081">
    <p class='ocr_par' dir='ltr' id='par_1_2' title="bbox 339 883 1727 1081">
     <span class='ocr_line' id='line_1_2' title="bbox 339 883 1727 985; baseline 0.002 -30"><span class='ocrx_word' id='word_1_4' title='bbox 339 883 478 984; x_wconf 89' lang='lat' dir='ltr'><strong>busque</strong></span> <span class='ocrx_word' id='word_1_5' title='bbox 495 883 725 958; x_wconf 87' lang='lat' dir='ltr'><strong>corroborari</strong></span> <span class='ocrx_word' id='word_1_6' title='bbox 742 886 922 959; x_wconf 82' lang='lat' dir='ltr'><strong>voluimus</strong></span> <span class='ocrx_word' id='word_1_7' title='bbox 931 938 942 973; x_wconf 94' lang='lat'><strong>,</strong></span> <span class='ocrx_word' id='word_1_8' title='bbox 962 900 1004 956; x_wconf 89' lang='lat' dir='ltr'><strong>ut</strong></span> <span class='ocrx_word' id='word_1_9' title='bbox 1021 911 1160 985; x_wconf 92' lang='lat' dir='ltr'><strong>semper</strong></span> <span class='ocrx_word' id='word_1_10' title='bbox 1180 885 1351 960; x_wconf 84' lang='lat' dir='ltr'><strong>inviolata</strong></span> <span class='ocrx_word' id='word_1_11' title='bbox 1369 902 1405 959; x_wconf 88' lang='lat' dir='ltr'><strong>et</strong></span> <span class='ocrx_word' id='word_1_12' title='bbox 1424 886 1632 962; x_wconf 89' lang='lat' dir='ltr'><strong>inconvulsa</strong></span> <span class='ocrx_word' id='word_1_13' title='bbox 1649 914 1727 958; x_wconf 89' lang='lat' dir='ltr'><strong>ma-</strong></span> 
     </span>
     <span class='ocr_line' id='line_1_3' title="bbox 339 1007 794 1081; baseline 0 -5"><span class='ocrx_word' id='word_1_14' title='bbox 339 1031 426 1078; x_wconf 89' lang='lat' dir='ltr'><strong>nere</strong></span> <span class='ocrx_word' id='word_1_15' title='bbox 444 1007 480 1077; x_wconf 94' lang='lat' dir='ltr'><strong>in</strong></span> <span class='ocrx_word' id='word_1_16' title='bbox 500 1007 615 1080; x_wconf 89' lang='lat' dir='ltr'><strong>secula</strong></span> <span class='ocrx_word' id='word_1_17' title='bbox 631 1008 757 1081; x_wconf 87' lang='lat' dir='ltr'><strong>valeat.</strong></span> <span class='ocrx_word' id='word_1_18' title='bbox 777 1040 794 1077; x_wconf 79' lang='lat' dir='ltr'><strong>a</strong></span> 
     </span>
    </p>
   </div>
   <div class='ocr_carea' id='block_1_3' title="bbox 698 1265 1369 1356">
    <p class='ocr_par' dir='ltr' id='par_1_3' title="bbox 698 1265 1369 1356">
     <span class='ocr_line' id='line_1_4' title="bbox 698 1265 1369 1356; baseline 0.001 -2"><span class='ocrx_word' id='word_1_19' title='bbox 698 1265 1063 1356; x_wconf 77' lang='lat' dir='ltr'>CAPITULUM</span> <span class='ocrx_word' id='word_1_20' title='bbox 1098 1266 1369 1355; x_wconf 86' lang='lat' dir='ltr'><strong>LXXXIX.</strong></span> 
     </span>
    </p>
   </div>
   <div class='ocr_carea' id='block_1_4' title="bbox 642 1514 1397 1587">
    <p class='ocr_par' dir='ltr' id='par_1_4' title="bbox 642 1514 1397 1587">
     <span class='ocr_line' id='line_1_5' title="bbox 642 1514 1397 1587; baseline -0.004 -13"><span class='ocrx_word' id='word_1_21' title='bbox 642 1515 686 1574; x_wconf 90' lang='lat' dir='ltr'><strong>De</strong></span> <span class='ocrx_word' id='word_1_22' title='bbox 712 1517 829 1576; x_wconf 81' lang='lat' dir='ltr'><strong>eeclesia</strong></span> <span class='ocrx_word' id='word_1_23' title='bbox 856 1517 946 1576; x_wconf 82' lang='lat' dir='ltr'><strong>saneti</strong></span> <span class='ocrx_word' id='word_1_24' title='bbox 971 1516 1096 1587; x_wconf 33' lang='lat' dir='ltr'><strong>,Leobini</strong></span> <span class='ocrx_word' id='word_1_25' title='bbox 1123 1515 1214 1575; x_wconf 83' lang='lat' dir='ltr'><strong>Castri</strong></span> <span class='ocrx_word' id='word_1_26' title='bbox 1240 1514 1397 1574; x_wconf 86' lang='lat' dir='ltr'><strong>Dunensis.</strong></span> 
     </span>
    </p>
   </div>
   <div class='ocr_carea' id='block_1_5' title="bbox 333 1733 1926 5006">
    <p class='ocr_par' dir='ltr' id='par_1_5' title="bbox 333 1733 1926 5006">
     <span class='ocr_line' id='line_1_6' title="bbox 390 1733 1926 1835; baseline 0.005 -33"><span class='ocrx_word' id='word_1_27' title='bbox 390 1766 408 1803; x_wconf 73' lang='grc' dir='ltr'><strong><em>α</em></strong></span> <span class='ocrx_word' id='word_1_28' title='bbox 424 1736 594 1808; x_wconf 85' lang='lat' dir='ltr'><strong>Terrenae</strong></span> <span class='ocrx_word' id='word_1_29' title='bbox 612 1733 767 1824; x_wconf 79' lang='lat' dir='ltr'><strong>divitiae„</strong></span> <span class='ocrx_word' id='word_1_30' title='bbox 790 1736 884 1807; x_wconf 88' lang='lat' dir='ltr'><strong>sicut</strong></span> <span class='ocrx_word' id='word_1_31' title='bbox 904 1762 1047 1824; x_wconf 92' lang='lat' dir='ltr'><strong>earum,</strong></span> <span class='ocrx_word' id='word_1_32' title='bbox 1065 1763 1135 1835; x_wconf 91' lang='lat' dir='ltr'><strong>pro</strong></span> <span class='ocrx_word' id='word_1_33' title='bbox 1152 1734 1260 1809; x_wconf 89' lang='lat' dir='ltr'><strong>libitu</strong></span> <span class='ocrx_word' id='word_1_34' title='bbox 1277 1736 1395 1809; x_wconf 89' lang='lat' dir='ltr'><strong>carnis</strong></span> <span class='ocrx_word' id='word_1_35' title='bbox 1411 1761 1451 1807; x_wconf 88' lang='lat' dir='ltr'><strong>ac</strong></span> <span class='ocrx_word' id='word_1_36' title='bbox 1466 1733 1725 1810; x_wconf 80' lang='lat' dir='ltr'>desideriorum</span> <span class='ocrx_word' id='word_1_37' title='bbox 1751 1767 1809 1810; x_wconf 67' lang='lat' dir='ltr'><strong>nuta</strong></span> <span class='ocrx_word' id='word_1_38' title='bbox 1821 1781 1841 1809; x_wconf 66' lang='lat' dir='ltr'><strong>a.</strong></span> <span class='ocrx_word' id='word_1_39' title='bbox 1857 1765 1926 1811; x_wconf 81' lang='lat' dir='ltr'><strong>ruso.</strong></span> 
     </span>
     <span class='ocr_line' id='line_1_7' title="bbox 338 1857 1785 1958; baseline 0.001 -31"><span class='ocrx_word' id='word_1_40' title='bbox 338 1857 424 1928; x_wconf 82' lang='lat' dir='ltr'><strong>luxu</strong></span> <span class='ocrx_word' id='word_1_41' title='bbox 435 1911 447 1948; x_wconf 93' lang='lat'><strong>,</strong></span> <span class='ocrx_word' id='word_1_42' title='bbox 469 1857 738 1957; x_wconf 82' lang='lat' dir='ltr'><strong>profligatores,</strong></span> <span class='ocrx_word' id='word_1_43' title='bbox 765 1857 808 1930; x_wconf 88' lang='lat' dir='ltr'><strong>ad</strong></span> <span class='ocrx_word' id='word_1_44' title='bbox 826 1857 1054 1932; x_wconf 82' lang='lat' dir='ltr'><strong>infernorum</strong></span> <span class='ocrx_word' id='word_1_45' title='bbox 1070 1885 1213 1958; x_wconf 80' lang='lat' dir='ltr'><strong>poenas3</strong></span> <span class='ocrx_word' id='word_1_46' title='bbox 1239 1861 1307 1947; x_wconf 89' lang='lat' dir='ltr'><strong>sic,</strong></span> <span class='ocrx_word' id='word_1_47' title='bbox 1327 1885 1394 1958; x_wconf 89' lang='lat' dir='ltr'><strong>pro</strong></span> <span class='ocrx_word' id='word_1_48' title='bbox 1413 1859 1477 1930; x_wconf 90' lang='lat' dir='ltr'><strong>Dei</strong></span> <span class='ocrx_word' id='word_1_49' title='bbox 1498 1883 1642 1947; x_wconf 89' lang='lat' dir='ltr'><strong>amore,</strong></span> <span class='ocrx_word' id='word_1_50' title='bbox 1661 1859 1723 1958; x_wconf 90' lang='lat' dir='ltr'><strong>qui</strong></span> <span class='ocrx_word' id='word_1_51' title='bbox 1777 1937 1785 1946; x_wconf 46' lang='grc'>,</span> 
     </span>
     <span class='ocr_line' id='line_1_8' title="bbox 338 1978 1725 2080; baseline 0 -31"><span class='ocrx_word' id='word_1_52' title='bbox 338 2004 393 2050; x_wconf 91' lang='lat' dir='ltr'><strong>eas</strong></span> <span class='ocrx_word' id='word_1_53' title='bbox 411 1978 656 2077; x_wconf 81' lang='lat' dir='ltr'><strong>indigentibus</strong></span> <span class='ocrx_word' id='word_1_54' title='bbox 672 1979 890 2080; x_wconf 90' lang='lat' dir='ltr'><strong>largiuntur,</strong></span> <span class='ocrx_word' id='word_1_55' title='bbox 910 1980 953 2052; x_wconf 90' lang='lat' dir='ltr'><strong>ad</strong></span> <span class='ocrx_word' id='word_1_56' title='bbox 969 1997 1105 2053; x_wconf 84' lang='lat' dir='ltr'><strong>aeterna</strong></span> <span class='ocrx_word' id='word_1_57' title='bbox 1123 1979 1301 2053; x_wconf 84' lang='lat' dir='ltr'><strong>deducunt</strong></span> <span class='ocrx_word' id='word_1_58' title='bbox 1322 1982 1472 2079; x_wconf 91' lang='lat' dir='ltr'><strong>premia.</strong></span> <span class='ocrx_word' id='word_1_59' title='bbox 1496 1980 1725 2079; x_wconf 82' lang='lat' dir='ltr'><strong>Quapropter</strong></span> 
     </span>
     <span class='ocr_line' id='line_1_9' title="bbox 338 2099 1725 2203; baseline 0.001 -32"><span class='ocrx_word' id='word_1_60' title='bbox 338 2126 404 2200; x_wconf 89' lang='lat' dir='ltr'><strong>ego</strong></span> <span class='ocrx_word' id='word_1_61' title='bbox 416 2101 645 2190; x_wconf 74' lang='lat' dir='ltr'><strong>willelmus,</strong></span> <span class='ocrx_word' id='word_1_62' title='bbox 667 2099 817 2178; x_wconf 86' lang='lat' dir='ltr'><strong>honoris</strong></span> <span class='ocrx_word' id='word_1_63' title='bbox 834 2099 971 2202; x_wconf 80' lang='lat' dir='ltr'><strong>Alogiae</strong></span> <span class='ocrx_word' id='word_1_64' title='bbox 989 2102 1175 2189; x_wconf 89' lang='lat' dir='ltr'><strong>dominus,</strong></span> <span class='ocrx_word' id='word_1_65' title='bbox 1194 2117 1373 2203; x_wconf 86' lang='lat' dir='ltr'><strong>quantum</strong></span> <span class='ocrx_word' id='word_1_66' title='bbox 1391 2102 1434 2175; x_wconf 93' lang='lat' dir='ltr'><strong>ad</strong></span> <span class='ocrx_word' id='word_1_67' title='bbox 1451 2102 1558 2175; x_wconf 90' lang='lat' dir='ltr'><strong>seculi</strong></span> <span class='ocrx_word' id='word_1_68' title='bbox 1574 2100 1725 2202; x_wconf 90' lang='lat' dir='ltr'><strong>dignita·</strong></span> 
     </span>
     <span class='ocr_line' id='line_1_10' title="bbox 338 2222 1725 2325; baseline 0.001 -32"><span class='ocrx_word' id='word_1_69' title='bbox 338 2238 410 2295; x_wconf 87' lang='lat' dir='ltr'><strong>tem</strong></span> <span class='ocrx_word' id='word_1_70' title='bbox 420 2225 563 2311; x_wconf 80' lang='lat' dir='ltr'><strong>attinet,</strong></span> <span class='ocrx_word' id='word_1_71' title='bbox 579 2223 695 2296; x_wconf 87' lang='lat' dir='ltr'><strong>clarus</strong></span> <span class='ocrx_word' id='word_1_72' title='bbox 704 2224 852 2325; x_wconf 88' lang='lat' dir='ltr'><strong>quidem</strong></span> <span class='ocrx_word' id='word_1_73' title='bbox 865 2250 1015 2324; x_wconf 81' lang='lat' dir='ltr'><strong>genere,</strong></span> <span class='ocrx_word' id='word_1_74' title='bbox 1031 2223 1090 2296; x_wconf 89' lang='lat' dir='ltr'><strong>sed</strong></span> <span class='ocrx_word' id='word_1_75' title='bbox 1103 2251 1213 2324; x_wconf 88' lang='lat' dir='ltr'><strong>pravo</strong></span> <span class='ocrx_word' id='word_1_76' title='bbox 1227 2222 1467 2324; x_wconf 85' lang='lat' dir='ltr'><strong>perobscurus</strong></span> <span class='ocrx_word' id='word_1_77' title='bbox 1480 2249 1610 2324; x_wconf 87' lang='lat' dir='ltr'><strong>opere,</strong></span> <span class='ocrx_word' id='word_1_78' title='bbox 1630 2225 1725 2295; x_wconf 85' lang='lat' dir='ltr'><strong>inter</strong></span> 
     </span>
     <span class='ocr_line' id='line_1_11' title="bbox 337 2345 1725 2446; baseline 0.001 -30"><span class='ocrx_word' id='word_1_79' title='bbox 337 2345 441 2444; x_wconf 84' lang='lat' dir='ltr'><strong>hujus</strong></span> <span class='ocrx_word' id='word_1_80' title='bbox 455 2345 635 2445; x_wconf 83' lang='lat' dir='ltr'><strong>fluctivagi</strong></span> <span class='ocrx_word' id='word_1_81' title='bbox 650 2347 824 2446; x_wconf 88' lang='lat' dir='ltr'><strong>procellas</strong></span> <span class='ocrx_word' id='word_1_82' title='bbox 837 2348 944 2419; x_wconf 90' lang='lat' dir='ltr'><strong>seculi</strong></span> <span class='ocrx_word' id='word_1_83' title='bbox 956 2402 968 2436; x_wconf 98' lang='lat'><strong>,</strong></span> <span class='ocrx_word' id='word_1_84' title='bbox 985 2348 1092 2418; x_wconf 88' lang='lat' dir='ltr'><strong>armis</strong></span> <span class='ocrx_word' id='word_1_85' title='bbox 1105 2349 1323 2446; x_wconf 86' lang='lat' dir='ltr'><strong>praecinctus</strong></span> <span class='ocrx_word' id='word_1_86' title='bbox 1337 2345 1554 2419; x_wconf 87' lang='lat' dir='ltr'><strong>militaribus</strong></span> <span class='ocrx_word' id='word_1_87' title='bbox 1569 2372 1609 2418; x_wconf 91' lang='lat' dir='ltr'><strong>ac</strong></span> <span class='ocrx_word' id='word_1_88' title='bbox 1623 2373 1725 2418; x_wconf 92' lang='lat' dir='ltr'><strong>mun·</strong></span> 
     </span>
     <span class='ocr_line' id='line_1_12' title="bbox 336 2466 1724 2568; baseline 0.001 -30"><span class='ocrx_word' id='word_1_89' title='bbox 336 2466 436 2540; x_wconf 92' lang='lat' dir='ltr'><strong>danis</strong></span> <span class='ocrx_word' id='word_1_90' title='bbox 459 2468 644 2566; x_wconf 89' lang='lat' dir='ltr'><strong>inplicitus</strong></span> <span class='ocrx_word' id='word_1_91' title='bbox 670 2471 841 2568; x_wconf 87' lang='lat' dir='ltr'><strong>negotiis;</strong></span> <span class='ocrx_word' id='word_1_92' title='bbox 868 2469 957 2540; x_wconf 87' lang='lat' dir='ltr'><strong>dum</strong></span> <span class='ocrx_word' id='word_1_93' title='bbox 983 2494 1124 2568; x_wconf 89' lang='lat' dir='ltr'><strong>nequeo</strong></span> <span class='ocrx_word' id='word_1_94' title='bbox 1147 2471 1237 2542; x_wconf 90' lang='lat' dir='ltr'><strong>meis</strong></span> <span class='ocrx_word' id='word_1_95' title='bbox 1257 2470 1414 2557; x_wconf 89' lang='lat' dir='ltr'><strong>meritis,</strong></span> <span class='ocrx_word' id='word_1_96' title='bbox 1437 2494 1520 2568; x_wconf 85' lang='lat' dir='ltr'><strong>quae</strong></span> <span class='ocrx_word' id='word_1_97' title='bbox 1541 2495 1648 2566; x_wconf 86' lang='lat' dir='ltr'><strong>parva</strong></span> <span class='ocrx_word' id='word_1_98' title='bbox 1669 2470 1724 2540; x_wconf 90' lang='lat' dir='ltr'><strong>vel</strong></span> 
     </span>
     <span class='ocr_line' id='line_1_13' title="bbox 335 2588 1725 2690; baseline 0.001 -29"><span class='ocrx_word' id='word_1_99' title='bbox 335 2591 460 2690; x_wconf 88' lang='lat' dir='ltr'><strong>pocius</strong></span> <span class='ocrx_word' id='word_1_100' title='bbox 477 2588 578 2662; x_wconf 91' lang='lat' dir='ltr'><strong>nulla</strong></span> <span class='ocrx_word' id='word_1_101' title='bbox 595 2604 699 2675; x_wconf 85' lang='lat' dir='ltr'><strong>sunt,</strong></span> <span class='ocrx_word' id='word_1_102' title='bbox 719 2588 997 2659; x_wconf 85' lang='lat' dir='ltr'><strong>innumerabilia</strong></span> <span class='ocrx_word' id='word_1_103' title='bbox 1013 2613 1095 2688; x_wconf 86' lang='lat' dir='ltr'><strong>quae</strong></span> <span class='ocrx_word' id='word_1_104' title='bbox 1114 2591 1276 2659; x_wconf 87' lang='lat' dir='ltr'><strong>cummisi</strong></span> <span class='ocrx_word' id='word_1_105' title='bbox 1299 2588 1437 2662; x_wconf 88' lang='lat' dir='ltr'><strong>diluere</strong></span> <span class='ocrx_word' id='word_1_106' title='bbox 1455 2590 1635 2678; x_wconf 87' lang='lat' dir='ltr'><strong>facinora,</strong></span> <span class='ocrx_word' id='word_1_107' title='bbox 1658 2589 1725 2663; x_wconf 90' lang='lat' dir='ltr'><strong>do-</strong></span> 
     </span>
     <span class='ocr_line' id='line_1_14' title="bbox 335 2709 1723 2807; baseline -0.001 -22"><span class='ocrx_word' id='word_1_108' title='bbox 335 2714 523 2785; x_wconf 90' lang='lat' dir='ltr'><strong>nariorum</strong></span> <span class='ocrx_word' id='word_1_109' title='bbox 549 2724 754 2807; x_wconf 84' lang='lat' dir='ltr'><strong>pertempto</strong></span> <span class='ocrx_word' id='word_1_110' title='bbox 781 2709 1034 2806; x_wconf 78' lang='lat' dir='ltr'><strong>largitionibus</strong></span> <span class='ocrx_word' id='word_1_111' title='bbox 1050 2709 1238 2782; x_wconf 88' lang='lat' dir='ltr'><strong>redimere.</strong></span> <span class='ocrx_word' id='word_1_112' title='bbox 1259 2710 1363 2784; x_wconf 90' lang='lat' dir='ltr'><strong>Unde</strong></span> <span class='ocrx_word' id='word_1_113' title='bbox 1384 2729 1503 2784; x_wconf 88' lang='lat' dir='ltr'><strong>ratum</strong></span> <span class='ocrx_word' id='word_1_114' title='bbox 1531 2711 1610 2787; x_wconf 85' lang='lat' dir='ltr'><strong>fore</strong></span> <span class='ocrx_word' id='word_1_115' title='bbox 1638 2713 1723 2785; x_wconf 85' lang='lat' dir='ltr'><strong>duxi</strong></span> 
     </span>
     <span class='ocr_line' id='line_1_15' title="bbox 335 2829 1724 2929; baseline -0.001 -22"><span class='ocrx_word' id='word_1_116' title='bbox 335 2834 482 2907; x_wconf 89' lang='lat' dir='ltr'><strong>beatum</strong></span> <span class='ocrx_word' id='word_1_117' title='bbox 499 2834 667 2919; x_wconf 85' lang='lat' dir='ltr'><strong>Petrum,</strong></span> <span class='ocrx_word' id='word_1_118' title='bbox 687 2829 937 2928; x_wconf 90' lang='lat' dir='ltr'><strong>apostolorum</strong></span> <span class='ocrx_word' id='word_1_119' title='bbox 953 2830 1177 2929; x_wconf 88' lang='lat' dir='ltr'><strong>principem,</strong></span> <span class='ocrx_word' id='word_1_120' title='bbox 1194 2834 1250 2903; x_wconf 92' lang='lat' dir='ltr'><strong>cui</strong></span> <span class='ocrx_word' id='word_1_121' title='bbox 1271 2833 1448 2906; x_wconf 85' lang='lat' dir='ltr'><strong>Dominus</strong></span> <span class='ocrx_word' id='word_1_122' title='bbox 1465 2860 1537 2906; x_wconf 87' lang='lat' dir='ltr'><strong>suae</strong></span> <span class='ocrx_word' id='word_1_123' title='bbox 1556 2835 1724 2906; x_wconf 77' lang='lat' dir='ltr'><strong>aecclesiae</strong></span> 
     </span>
     <span class='ocr_line' id='line_1_16' title="bbox 335 2949 1722 3052; baseline -0.001 -25"><span class='ocrx_word' id='word_1_124' title='bbox 335 2982 460 3027; x_wconf 90' lang='lat' dir='ltr'><strong>curam</strong></span> <span class='ocrx_word' id='word_1_125' title='bbox 472 2952 656 3025; x_wconf 88' lang='lat' dir='ltr'><strong>cummisit</strong></span> <span class='ocrx_word' id='word_1_126' title='bbox 668 2967 776 3050; x_wconf 85' lang='lat' dir='ltr'><strong>atque</strong></span> <span class='ocrx_word' id='word_1_127' title='bbox 786 2949 919 3049; x_wconf 93' lang='lat' dir='ltr'><strong>ligandi</strong></span> <span class='ocrx_word' id='word_1_128' title='bbox 934 2949 1168 3050; x_wconf 88' lang='lat' dir='ltr'><strong>solvendique</strong></span> <span class='ocrx_word' id='word_1_129' title='bbox 1178 2952 1313 3023; x_wconf 88' lang='lat' dir='ltr'><strong>animas</strong></span> <span class='ocrx_word' id='word_1_130' title='bbox 1325 2970 1541 3052; x_wconf 88' lang='lat' dir='ltr'><strong>potestatem</strong></span> <span class='ocrx_word' id='word_1_131' title='bbox 1552 2953 1722 3041; x_wconf 87' lang='lat' dir='ltr'><strong>contulit,</strong></span> 
     </span>
     <span class='ocr_line' id='line_1_17' title="bbox 335 3071 1721 3172; baseline -0.001 -23"><span class='ocrx_word' id='word_1_132' title='bbox 335 3077 443 3149; x_wconf 87' lang='lat' dir='ltr'><strong>miehi</strong></span> <span class='ocrx_word' id='word_1_133' title='bbox 460 3078 733 3147; x_wconf 84' lang='lat' dir='ltr'><strong>intercessorem</strong></span> <span class='ocrx_word' id='word_1_134' title='bbox 743 3072 878 3159; x_wconf 81' lang='lat' dir='ltr'><strong>ascisci,</strong></span> <span class='ocrx_word' id='word_1_135' title='bbox 894 3097 1049 3171; x_wconf 89' lang='lat' dir='ltr'><strong>eumque</strong></span> <span class='ocrx_word' id='word_1_136' title='bbox 1062 3098 1105 3145; x_wconf 75' lang='lat' dir='ltr'><strong>eu</strong></span> <span class='ocrx_word' id='word_1_137' title='bbox 1119 3071 1226 3143; x_wconf 91' lang='lat' dir='ltr'><strong>rebus</strong></span> <span class='ocrx_word' id='word_1_138' title='bbox 1235 3075 1392 3172; x_wconf 89' lang='lat' dir='ltr'><strong>propriis</strong></span> <span class='ocrx_word' id='word_1_139' title='bbox 1405 3074 1614 3172; x_wconf 85' lang='lat' dir='ltr'><strong>placabilem</strong></span> <span class='ocrx_word' id='word_1_140' title='bbox 1630 3075 1721 3148; x_wconf 89' lang='lat' dir='ltr'><strong>ficri.</strong></span> 
     </span>
     <span class='ocr_line' id='line_1_18' title="bbox 335 3193 1726 3296; baseline -0.001 -25"><span class='ocrx_word' id='word_1_141' title='bbox 335 3199 395 3271; x_wconf 81' lang='lat' dir='ltr'><strong>Sic</strong></span> <span class='ocrx_word' id='word_1_142' title='bbox 411 3199 506 3272; x_wconf 90' lang='lat' dir='ltr'><strong>enim</strong></span> <span class='ocrx_word' id='word_1_143' title='bbox 524 3195 671 3271; x_wconf 88' lang='lat' dir='ltr'><strong>Domini</strong></span> <span class='ocrx_word' id='word_1_144' title='bbox 689 3196 804 3269; x_wconf 92' lang='lat' dir='ltr'><strong>nostri</strong></span> <span class='ocrx_word' id='word_1_145' title='bbox 823 3195 1035 3294; x_wconf 82' lang='lat' dir='ltr'><strong>praecipitur</strong></span> <span class='ocrx_word' id='word_1_146' title='bbox 1051 3193 1197 3293; x_wconf 89' lang='lat' dir='ltr'><strong>eulogio</strong></span> <span class='ocrx_word' id='word_1_147' title='bbox 1215 3221 1222 3262; x_wconf 94' lang='lat'><strong>:</strong></span> <span class='ocrx_word' id='word_1_148' title='bbox 1241 3195 1356 3284; x_wconf 86' lang='lat' dir='ltr'><strong>Date,</strong></span> <span class='ocrx_word' id='word_1_149' title='bbox 1376 3195 1514 3296; x_wconf 89' lang='lat' dir='ltr'><strong>inquit,</strong></span> <span class='ocrx_word' id='word_1_150' title='bbox 1530 3214 1563 3268; x_wconf 84' lang='lat' dir='ltr'><strong>et</strong></span> <span class='ocrx_word' id='word_1_151' title='bbox 1577 3197 1726 3270; x_wconf 81' lang='lat' dir='ltr'><strong>dabitur</strong></span> 
     </span>
     <span class='ocr_line' id='line_1_19' title="bbox 334 3316 1723 3418; baseline -0.003 -23"><span class='ocrx_word' id='word_1_152' title='bbox 334 3322 458 3407; x_wconf 82' lang='lat' dir='ltr'><strong>uobis;</strong></span> <span class='ocrx_word' id='word_1_153' title='bbox 477 3335 514 3392; x_wconf 84' lang='lat' dir='ltr'><strong>et</strong></span> <span class='ocrx_word' id='word_1_154' title='bbox 536 3319 607 3394; x_wconf 90' lang='lat' dir='ltr'><strong>alio</strong></span> <span class='ocrx_word' id='word_1_155' title='bbox 626 3317 664 3390; x_wconf 91' lang='lat' dir='ltr'><strong>iu</strong></span> <span class='ocrx_word' id='word_1_156' title='bbox 685 3316 766 3391; x_wconf 91' lang='lat' dir='ltr'><strong>loco</strong></span> <span class='ocrx_word' id='word_1_157' title='bbox 792 3347 800 3387; x_wconf 91' lang='lat'>:</span> <span class='ocrx_word' id='word_1_158' title='bbox 826 3318 970 3404; x_wconf 83' lang='lat' dir='ltr'><strong>Facite,</strong></span> <span class='ocrx_word' id='word_1_159' title='bbox 997 3317 1138 3418; x_wconf 87' lang='lat' dir='ltr'><strong>inquit,</strong></span> <span class='ocrx_word' id='word_1_160' title='bbox 1157 3316 1262 3389; x_wconf 82' lang='lat' dir='ltr'><strong>vobis</strong></span> <span class='ocrx_word' id='word_1_161' title='bbox 1287 3319 1425 3389; x_wconf 77' lang='lat' dir='ltr'><strong>anticos</strong></span> <span class='ocrx_word' id='word_1_162' title='bbox 1448 3318 1495 3390; x_wconf 85' lang='lat' dir='ltr'><strong>de</strong></span> <span class='ocrx_word' id='word_1_163' title='bbox 1515 3345 1723 3392; x_wconf 83' lang='lat' dir='ltr'><strong>mammona</strong></span> 
     </span>
     <span class='ocr_line' id='line_1_20' title="bbox 336 3434 1719 3543; baseline -0.003 -28"><span class='ocrx_word' id='word_1_164' title='bbox 336 3444 553 3543; x_wconf 80' lang='lat' dir='ltr'><strong>iniquitatis,</strong></span> <span class='ocrx_word' id='word_1_165' title='bbox 574 3459 631 3530; x_wconf 78' lang='lat' dir='ltr'><strong>ut,</strong></span> <span class='ocrx_word' id='word_1_166' title='bbox 648 3466 732 3513; x_wconf 87' lang='lat' dir='ltr'><strong>cum</strong></span> <span class='ocrx_word' id='word_1_167' title='bbox 744 3438 963 3536; x_wconf 80' lang='lat' dir='ltr'><strong>defeceritis,</strong></span> <span class='ocrx_word' id='word_1_168' title='bbox 983 3434 1163 3541; x_wconf 74' lang='lat' dir='ltr'><strong>recipiant</strong></span> <span class='ocrx_word' id='word_1_169' title='bbox 1178 3467 1245 3512; x_wconf 84' lang='lat' dir='ltr'><strong>uus</strong></span> <span class='ocrx_word' id='word_1_170' title='bbox 1264 3441 1302 3510; x_wconf 83' lang='lat' dir='ltr'><strong>in</strong></span> <span class='ocrx_word' id='word_1_171' title='bbox 1316 3454 1451 3510; x_wconf 81' lang='lat' dir='ltr'><strong>oetema</strong></span> <span class='ocrx_word' id='word_1_172' title='bbox 1469 3440 1719 3513; x_wconf 82' lang='lat' dir='ltr'><strong>tabernacula.</strong></span> 
     </span>
     <span class='ocr_line' id='line_1_21' title="bbox 335 3558 1722 3663; baseline -0.001 -27"><span class='ocrx_word' id='word_1_173' title='bbox 335 3567 483 3663; x_wconf 84' lang='lat' dir='ltr'><strong>ltaque,</strong></span> <span class='ocrx_word' id='word_1_174' title='bbox 501 3577 682 3635; x_wconf 87' lang='lat' dir='ltr'><strong>annuente</strong></span> <span class='ocrx_word' id='word_1_175' title='bbox 698 3559 892 3634; x_wconf 87' lang='lat' dir='ltr'><strong>venerabili</strong></span> <span class='ocrx_word' id='word_1_176' title='bbox 916 3577 1031 3633; x_wconf 89' lang='lat' dir='ltr'><strong>matre</strong></span> <span class='ocrx_word' id='word_1_177' title='bbox 1050 3587 1128 3633; x_wconf 88' lang='lat' dir='ltr'><strong>mea</strong></span> <span class='ocrx_word' id='word_1_178' title='bbox 1150 3558 1323 3649; x_wconf 88' lang='lat' dir='ltr'><strong>Mahilde,</strong></span> <span class='ocrx_word' id='word_1_179' title='bbox 1344 3586 1520 3634; x_wconf 90' lang='lat' dir='ltr'><strong>unacum</strong></span> <span class='ocrx_word' id='word_1_180' title='bbox 1541 3564 1722 3634; x_wconf 86' lang='lat' dir='ltr'><strong>karissima</strong></span> 
     </span>
     <span class='ocr_line' id='line_1_22' title="bbox 335 3682 1722 3785; baseline -0.003 -25"><span class='ocrx_word' id='word_1_181' title='bbox 335 3688 488 3785; x_wconf 89' lang='lat' dir='ltr'><strong>conjuge</strong></span> <span class='ocrx_word' id='word_1_182' title='bbox 513 3682 702 3756; x_wconf 90' lang='lat' dir='ltr'><strong>Eustacbia</strong></span> <span class='ocrx_word' id='word_1_183' title='bbox 715 3738 726 3773; x_wconf 97' lang='lat'><strong>,</strong></span> <span class='ocrx_word' id='word_1_184' title='bbox 752 3709 814 3757; x_wconf 91' lang='lat' dir='ltr'><strong>seu</strong></span> <span class='ocrx_word' id='word_1_185' title='bbox 839 3682 962 3755; x_wconf 88' lang='lat' dir='ltr'><strong>liberis</strong></span> <span class='ocrx_word' id='word_1_186' title='bbox 984 3684 1118 3758; x_wconf 91' lang='lat' dir='ltr'><strong>nostris</strong></span> <span class='ocrx_word' id='word_1_187' title='bbox 1139 3682 1486 3771; x_wconf 85' lang='lat' dir='ltr'><strong>adhuc—infantulis,</strong></span> <span class='ocrx_word' id='word_1_188' title='bbox 1507 3685 1660 3783; x_wconf 88' lang='lat' dir='ltr'><strong>Hugone</strong></span> <span class='ocrx_word' id='word_1_189' title='bbox 1683 3712 1722 3756; x_wconf 87' lang='lat' dir='ltr'><strong>ac</strong></span> 
     </span>
     <span class='ocr_line' id='line_1_23' title="bbox 334 3805 1722 3906; baseline -0.001 -24"><span class='ocrx_word' id='word_1_190' title='bbox 334 3807 542 3896; x_wconf 80' lang='lat' dir='ltr'><strong>Willelm03</strong></span> <span class='ocrx_word' id='word_1_191' title='bbox 563 3822 632 3906; x_wconf 90' lang='lat' dir='ltr'><strong>pro</strong></span> <span class='ocrx_word' id='word_1_192' title='bbox 648 3805 897 3906; x_wconf 86' lang='lat' dir='ltr'><strong>redemptione</strong></span> <span class='ocrx_word' id='word_1_193' title='bbox 912 3805 1058 3906; x_wconf 89' lang='lat' dir='ltr'><strong>quidem</strong></span> <span class='ocrx_word' id='word_1_194' title='bbox 1075 3807 1277 3879; x_wconf 89' lang='lat' dir='ltr'><strong>animarum</strong></span> <span class='ocrx_word' id='word_1_195' title='bbox 1293 3823 1557 3880; x_wconf 85' lang='lat' dir='ltr'><strong>antecessorum</strong></span> <span class='ocrx_word' id='word_1_196' title='bbox 1575 3822 1722 3881; x_wconf 90' lang='lat' dir='ltr'><strong>nostro-</strong></span> 
     </span>
     <span class='ocr_line' id='line_1_24' title="bbox 335 3927 1722 4028; baseline -0.002 -25"><span class='ocrx_word' id='word_1_197' title='bbox 335 3956 415 4003; x_wconf 88' lang='lat' dir='ltr'><strong>rum</strong></span> <span class='ocrx_word' id='word_1_198' title='bbox 425 3984 436 4018; x_wconf 93' lang='lat'><strong>,</strong></span> <span class='ocrx_word' id='word_1_199' title='bbox 455 3955 598 4003; x_wconf 91' lang='lat' dir='ltr'><strong>necnon</strong></span> <span class='ocrx_word' id='word_1_200' title='bbox 615 3946 653 4002; x_wconf 88' lang='lat' dir='ltr'><strong>et</strong></span> <span class='ocrx_word' id='word_1_201' title='bbox 670 3955 738 4028; x_wconf 91' lang='lat' dir='ltr'><strong>pro</strong></span> <span class='ocrx_word' id='word_1_202' title='bbox 754 3947 877 4003; x_wconf 89' lang='lat' dir='ltr'><strong>nostra</strong></span> <span class='ocrx_word' id='word_1_203' title='bbox 895 3930 1143 4003; x_wconf 84' lang='lat' dir='ltr'><strong>incolomitate</strong></span> <span class='ocrx_word' id='word_1_204' title='bbox 1153 3983 1164 4018; x_wconf 96' lang='lat'><strong>,</strong></span> <span class='ocrx_word' id='word_1_205' title='bbox 1184 3927 1384 4004; x_wconf 88' lang='lat' dir='ltr'><strong>concedens</strong></span> <span class='ocrx_word' id='word_1_206' title='bbox 1401 3928 1501 4003; x_wconf 92' lang='lat' dir='ltr'><strong>douo</strong></span> <span class='ocrx_word' id='word_1_207' title='bbox 1524 3946 1561 4002; x_wconf 88' lang='lat' dir='ltr'><strong>et</strong></span> <span class='ocrx_word' id='word_1_208' title='bbox 1585 3929 1722 4005; x_wconf 90' lang='lat' dir='ltr'><strong>donans</strong></span> 
     </span>
     <span class='ocr_line' id='line_1_25' title="bbox 335 4049 1723 4152; baseline -0.002 -27"><span class='ocrx_word' id='word_1_209' title='bbox 335 4051 494 4126; x_wconf 86' lang='lat' dir='ltr'><strong>concedo</strong></span> <span class='ocrx_word' id='word_1_210' title='bbox 506 4050 612 4124; x_wconf 86' lang='lat' dir='ltr'><strong>beato</strong></span> <span class='ocrx_word' id='word_1_211' title='bbox 628 4053 737 4127; x_wconf 88' lang='lat' dir='ltr'><strong>Petro</strong></span> <span class='ocrx_word' id='word_1_212' title='bbox 752 4052 936 4150; x_wconf 90' lang='lat' dir='ltr'><strong>apostolo,</strong></span> <span class='ocrx_word' id='word_1_213' title='bbox 952 4079 991 4124; x_wconf 90' lang='lat' dir='ltr'><strong>ac</strong></span> <span class='ocrx_word' id='word_1_214' title='bbox 1004 4055 1078 4152; x_wconf 89' lang='lat' dir='ltr'><strong>ejus</strong></span> <span class='ocrx_word' id='word_1_215' title='bbox 1094 4050 1281 4127; x_wconf 91' lang='lat' dir='ltr'><strong>monachis</strong></span> <span class='ocrx_word' id='word_1_216' title='bbox 1294 4049 1362 4123; x_wconf 89' lang='lat' dir='ltr'><strong>sibi</strong></span> <span class='ocrx_word' id='word_1_217' title='bbox 1378 4051 1593 4125; x_wconf 88' lang='lat' dir='ltr'><strong>normaliter</strong></span> <span class='ocrx_word' id='word_1_218' title='bbox 1607 4051 1723 4123; x_wconf 82' lang='lat' dir='ltr'><strong>famu-</strong></span> 
     </span>
     <span class='ocr_line' id='line_1_26' title="bbox 337 4172 1721 4275; baseline 0.001 -31"><span class='ocrx_word' id='word_1_219' title='bbox 337 4172 495 4246; x_wconf 90' lang='lat' dir='ltr'><strong>lantibus</strong></span> <span class='ocrx_word' id='word_1_220' title='bbox 509 4175 547 4246; x_wconf 92' lang='lat' dir='ltr'><strong>iu</strong></span> <span class='ocrx_word' id='word_1_221' title='bbox 561 4173 734 4248; x_wconf 90' lang='lat' dir='ltr'><strong>coenobio</strong></span> <span class='ocrx_word' id='word_1_222' title='bbox 747 4175 845 4275; x_wconf 88' lang='lat' dir='ltr'><strong>quod</strong></span> <span class='ocrx_word' id='word_1_223' title='bbox 858 4201 934 4249; x_wconf 96' lang='lat' dir='ltr'><strong>non</strong></span> <span class='ocrx_word' id='word_1_224' title='bbox 948 4174 1056 4275; x_wconf 91' lang='lat' dir='ltr'><strong>longe</strong></span> <span class='ocrx_word' id='word_1_225' title='bbox 1069 4202 1087 4245; x_wconf 93' lang='lat' dir='ltr'><strong>a</strong></span> <span class='ocrx_word' id='word_1_226' title='bbox 1100 4173 1284 4246; x_wconf 89' lang='lat' dir='ltr'><strong>moenibus</strong></span> <span class='ocrx_word' id='word_1_227' title='bbox 1298 4174 1493 4260; x_wconf 86' lang='lat' dir='ltr'><strong>Carnutine</strong></span> <span class='ocrx_word' id='word_1_228' title='bbox 1502 4173 1603 4245; x_wconf 89' lang='lat' dir='ltr'><strong>urbis</strong></span> <span class='ocrx_word' id='word_1_229' title='bbox 1612 4175 1721 4247; x_wconf 82' lang='lat' dir='ltr'><strong>situm</strong></span> 
     </span>
     <span class='ocr_line' id='line_1_27' title="bbox 334 4285 1721 4395; baseline -0.001 -27"><span class='ocrx_word' id='word_1_230' title='bbox 334 4312 408 4383; x_wconf 85' lang='lat' dir='ltr'><strong>est,</strong></span> <span class='ocrx_word' id='word_1_231' title='bbox 428 4296 622 4368; x_wconf 81' lang='lat' dir='ltr'><strong>aecclesiam</strong></span> <span class='ocrx_word' id='word_1_232' title='bbox 637 4296 772 4369; x_wconf 86' lang='lat' dir='ltr'><strong>seilicet</strong></span> <span class='ocrx_word' id='word_1_233' title='bbox 784 4295 976 4369; x_wconf 87' lang='lat' dir='ltr'><strong>beatissimi</strong></span> <span class='ocrx_word' id='word_1_234' title='bbox 998 4294 1145 4369; x_wconf 76' lang='lat' dir='ltr'><strong>leobini</strong></span> <span class='ocrx_word' id='word_1_235' title='bbox 1168 4293 1382 4370; x_wconf 83' lang='lat' dir='ltr'><strong>confessoris</strong></span> <span class='ocrx_word' id='word_1_236' title='bbox 1398 4285 1438 4369; x_wconf 67' lang='lat' dir='ltr'><strong>&#39;et</strong></span> <span class='ocrx_word' id='word_1_237' title='bbox 1455 4296 1612 4395; x_wconf 85' lang='lat' dir='ltr'><strong>episcopi</strong></span> <span class='ocrx_word' id='word_1_238' title='bbox 1626 4323 1721 4395; x_wconf 69' lang='lat' dir='ltr'><strong>prae-</strong></span> 
     </span>
     <span class='ocr_line' id='line_1_28' title="bbox 333 4406 1718 4519; baseline -0.001 -31"><span class='ocrx_word' id='word_1_239' title='bbox 333 4415 440 4490; x_wconf 88' lang='lat' dir='ltr'><strong>dictae</strong></span> <span class='ocrx_word' id='word_1_240' title='bbox 450 4416 565 4490; x_wconf 88' lang='lat' dir='ltr'><strong>urbis.</strong></span> <span class='ocrx_word' id='word_1_241' title='bbox 583 4417 672 4510; x_wconf 87' lang='lat' dir='ltr'><strong>Quae</strong></span> <span class='ocrx_word' id='word_1_242' title='bbox 688 4417 858 4507; x_wconf 86' lang='lat' dir='ltr'><strong>aecclesia,</strong></span> <span class='ocrx_word' id='word_1_243' title='bbox 871 4447 892 4491; x_wconf 93' lang='lat' dir='ltr'><strong>a</strong></span> <span class='ocrx_word' id='word_1_244' title='bbox 905 4419 1024 4518; x_wconf 89' lang='lat' dir='ltr'><strong>prisco</strong></span> <span class='ocrx_word' id='word_1_245' title='bbox 1042 4436 1218 4519; x_wconf 86' lang='lat' dir='ltr'><strong>tempore,</strong></span> <span class='ocrx_word' id='word_1_246' title='bbox 1239 4418 1333 4490; x_wconf 86' lang='lat' dir='ltr'><strong>intra</strong></span> <span class='ocrx_word' id='word_1_247' title='bbox 1349 4406 1480 4491; x_wconf 86' lang='lat' dir='ltr'><strong>vallum</strong></span> <span class='ocrx_word' id='word_1_248' title='bbox 1496 4417 1609 4489; x_wconf 89' lang='lat' dir='ltr'><strong>Castri</strong></span> <span class='ocrx_word' id='word_1_249' title='bbox 1625 4419 1718 4488; x_wconf 79' lang='lat' dir='ltr'><strong>[luni</strong></span> 
     </span>
     <span class='ocr_line' id='line_1_29' title="bbox 334 4534 1718 4641; baseline 0.001 -31"><span class='ocrx_word' id='word_1_250' title='bbox 334 4536 502 4612; x_wconf 88' lang='lat' dir='ltr'><strong>decenter</strong></span> <span class='ocrx_word' id='word_1_251' title='bbox 514 4556 720 4614; x_wconf 87' lang='lat' dir='ltr'><strong>constructa</strong></span> <span class='ocrx_word' id='word_1_252' title='bbox 732 4539 888 4630; x_wconf 81' lang='lat' dir='ltr'><strong>videtur,</strong></span> <span class='ocrx_word' id='word_1_253' title='bbox 904 4557 1042 4641; x_wconf 86' lang='lat' dir='ltr'><strong>atquea</strong></span> <span class='ocrx_word' id='word_1_254' title='bbox 1057 4534 1219 4640; x_wconf 81' lang='lat' dir='ltr'><strong>patribus</strong></span> <span class='ocrx_word' id='word_1_255' title='bbox 1230 4538 1380 4627; x_wconf 79' lang='lat' dir='ltr'><strong>nostris,</strong></span> <span class='ocrx_word' id='word_1_256' title='bbox 1391 4543 1475 4639; x_wconf 90' lang='lat' dir='ltr'><strong>jure</strong></span> <span class='ocrx_word' id='word_1_257' title='bbox 1489 4536 1718 4624; x_wconf 86' lang='lat' dir='ltr'><strong>hereditario,</strong></span> 
     </span>
     <span class='ocr_line' id='line_1_30' title="bbox 333 4657 1721 4764; baseline -0.002 -31"><span class='ocrx_word' id='word_1_258' title='bbox 333 4685 488 4758; x_wconf 88' lang='lat' dir='ltr'><strong>possessa</strong></span> <span class='ocrx_word' id='word_1_259' title='bbox 496 4677 560 4735; x_wconf 86' lang='lat' dir='ltr'><strong>est.</strong></span> <span class='ocrx_word' id='word_1_260' title='bbox 572 4662 700 4763; x_wconf 73' lang='lat' dir='ltr'><strong>Detpaa</strong></span> <span class='ocrx_word' id='word_1_261' title='bbox 708 4660 847 4737; x_wconf 89' lang='lat' dir='ltr'><strong>donum</strong></span> <span class='ocrx_word' id='word_1_262' title='bbox 854 4688 1000 4764; x_wconf 87' lang='lat' dir='ltr'><strong>quoque</strong></span> <span class='ocrx_word' id='word_1_263' title='bbox 1012 4687 1119 4761; x_wconf 86' lang='lat' dir='ltr'><strong>super</strong></span> <span class='ocrx_word' id='word_1_264' title='bbox 1130 4662 1240 4760; x_wconf 90' lang='lat' dir='ltr'><strong>ipsius</strong></span> <span class='ocrx_word' id='word_1_265' title='bbox 1250 4661 1403 4759; x_wconf 86' lang='lat' dir='ltr'><strong>apostoli</strong></span> <span class='ocrx_word' id='word_1_266' title='bbox 1416 4659 1631 4752; x_wconf 84' lang='lat' dir='ltr'><strong>altare,Vlll</strong></span> <span class='ocrx_word' id='word_1_267' title='bbox 1643 4657 1721 4731; x_wconf 89' lang='lat' dir='ltr'><strong>idus</strong></span> 
     </span>
     <span class='ocr_line' id='line_1_31' title="bbox 333 4777 1720 4885; baseline 0.001 -32"><span class='ocrx_word' id='word_1_268' title='bbox 333 4781 547 4873; x_wconf 85' lang='lat' dir='ltr'><strong>Decenbris,</strong></span> <span class='ocrx_word' id='word_1_269' title='bbox 567 4785 692 4885; x_wconf 90' lang='lat' dir='ltr'><strong>posui,</strong></span> <span class='ocrx_word' id='word_1_270' title='bbox 717 4811 800 4857; x_wconf 88' lang='lat' dir='ltr'><strong>cum</strong></span> <span class='ocrx_word' id='word_1_271' title='bbox 818 4784 976 4858; x_wconf 90' lang='lat' dir='ltr'><strong>fidelium</strong></span> <span class='ocrx_word' id='word_1_272' title='bbox 999 4810 1165 4860; x_wconf 88' lang='lat' dir='ltr'><strong>meorum</strong></span> <span class='ocrx_word' id='word_1_273' title='bbox 1181 4808 1345 4871; x_wconf 87' lang='lat' dir='ltr'><strong>assensu,</strong></span> <span class='ocrx_word' id='word_1_274' title='bbox 1365 4783 1428 4882; x_wconf 88' lang='lat' dir='ltr'><strong>qui</strong></span> <span class='ocrx_word' id='word_1_275' title='bbox 1449 4797 1537 4853; x_wconf 86' lang='lat' dir='ltr'><strong>tunc</strong></span> <span class='ocrx_word' id='word_1_276' title='bbox 1555 4777 1720 4854; x_wconf 88' lang='lat' dir='ltr'><strong>Carnutis</strong></span> 
     </span>
     <span class='ocr_line' id='line_1_32' title="bbox 334 4903 1721 5006; baseline 0 -30"><span class='ocrx_word' id='word_1_277' title='bbox 334 4921 437 4976; x_wconf 87' lang='lat' dir='ltr'><strong>erant</strong></span> <span class='ocrx_word' id='word_1_278' title='bbox 456 4930 618 4995; x_wconf 91' lang='lat' dir='ltr'><strong>mecum,</strong></span> <span class='ocrx_word' id='word_1_279' title='bbox 641 4932 800 5006; x_wconf 87' lang='lat' dir='ltr'><strong>quorum</strong></span> <span class='ocrx_word' id='word_1_280' title='bbox 820 4907 968 4983; x_wconf 90' lang='lat' dir='ltr'><strong>nomina</strong></span> <span class='ocrx_word' id='word_1_281' title='bbox 990 4908 1028 4979; x_wconf 93' lang='lat' dir='ltr'><strong>in</strong></span> <span class='ocrx_word' id='word_1_282' title='bbox 1049 4905 1121 4978; x_wconf 90' lang='lat' dir='ltr'><strong>fine</strong></span> <span class='ocrx_word' id='word_1_283' title='bbox 1140 4903 1245 5005; x_wconf 90' lang='lat' dir='ltr'><strong>hujus</strong></span> <span class='ocrx_word' id='word_1_284' title='bbox 1266 4904 1391 5003; x_wconf 84' lang='lat' dir='ltr'><strong>scripti</strong></span> <span class='ocrx_word' id='word_1_285' title='bbox 1413 4903 1630 5005; x_wconf 80' lang='lat' dir='ltr'><strong>notavimus.</strong></span> <span class='ocrx_word' id='word_1_286' title='bbox 1652 4906 1721 4976; x_wconf 89' lang='lat' dir='ltr'><strong>Ha·</strong></span> 
     </span>
    </p>
   </div>
   <div class='ocr_carea' id='block_1_6' title="bbox 0 0 2218 6119">
    <p class='ocr_par' dir='ltr' id='par_1_6' title="bbox 0 0 2218 6119">
     <span class='ocr_line' id='line_1_33' title="bbox 0 0 2218 6119; baseline 0 0"><span class='ocrx_word' id='word_1_287' title='bbox 0 0 2218 6119; x_wconf 95' lang='lat' dir='ltr'><strong> </strong></span> 
     </span>
    </p>
   </div>
  </div>
 </body>
</html>
