4462 6120
443 704 511 774 tto
965 695 1314 770 MONASTERIUM
1384 754 1388 764 .

439 847 632 923 arboribus
649 846 880 920 terminatur.
903 846 1004 917 Hanc
1025 861 1145 916 autem
1166 861 1302 916 cartam
1317 844 1345 915 si
1363 840 1460 916 forte
1477 843 1605 944 aliquis
1620 839 1831 940 sicophanta

440 969 623 1042 adnullare
641 969 887 1067 temptaverit,
908 969 946 1038 in
959 966 1098 1066 judicio
1114 965 1306 1052 deductus,
1325 965 1374 1040 Vl
1397 966 1474 1036 auri
1492 965 1603 1037 libras
1614 964 1728 1064 judici
1746 989 1833 1063 per-

441 1093 573 1180 solvat,
589 1107 626 1163 et
641 1091 740 1162 nisus
757 1094 832 1189 ejus
848 1091 1008 1163 inefficax
1025 1105 1220 1162 remaneat.
1242 1086 1348 1179 Quod
1365 1089 1392 1159 si
1413 1089 1581 1188 pertinax
1596 1086 1727 1175 fuerit,
1747 1111 1834 1158 ana·

442 1214 607 1287 thematis
621 1212 738 1314 gladio
753 1214 955 1303 confossus,
976 1214 1043 1285 nisi
1061 1214 1272 1311 resipuerit,
1293 1238 1377 1284 cum
1392 1212 1538 1287 diabolo
1556 1229 1592 1286 et
1609 1210 1743 1311 angelis
1759 1213 1833 1308 ejus

440 1362 568 1437 poenas
580 1338 618 1409 in
633 1336 778 1412 inferno
795 1338 888 1426 luat,
906 1337 1048 1409 veniam
1065 1334 1254 1407 habiturus
1271 1361 1357 1406 cum
1371 1361 1451 1408 eam
1465 1333 1629 1409 diabolus
1642 1349 1696 1407 est
1711 1357 1834 1408 conse·

442 1478 604 1533 cuturus.
621 1492 639 1530 ιι

887 1619 1202 1708 carnoten
1230 1619 1385 1708 xvut.

827 1844 870 1901 De
884 1843 1039 1901 medietate
1053 1843 1187 1901 aecclesiae
1201 1841 1332 1908 Cruciaei
1349 1840 1433 1900 villae.

270 2109 323 2138 ta
408 2129 413 2140 .
492 2073 592 2142 «ln¹
617 2073 767 2146 nomine
787 2070 934 2146 Domini
961 2072 1075 2145 nostri
1096 2068 1206 2142 Jhesu
1228 2067 1375 2142 Christi.
1401 2071 1538 2146 Notum
1556 2073 1831 2159 essevolumus,

443 2220 508 2293 ego
529 2193 743 2266 Eustachius
764 2193 872 2265 abbas
891 2194 1081 2292 omnisque
1100 2210 1301 2265 conventus
1317 2191 1581 2268 monachorum
1597 2195 1719 2266 Sancti
1736 2194 1833 2267 Petri

443 2317 672 2390 Carnotensis
690 2316 871 2403 coetiobii,
890 2313 1062 2389 omnibus
1081 2312 1284 2386 christianae
1305 2314 1386 2388 fidei
1407 2315 1625 2405 cultoribus,
1647 2334 1720 2388 tam
1736 2343 1850 2416 praes

442 2439 604 2512 sentibus
625 2465 735 2539 qnam
757 2437 912 2525 futuris,
937 2435 1200 2537 quodquidam
1218 2435 1388 2525 clericus,
1414 2439 1520 2538 Hugo
1545 2441 1717 2526 nomine,
1740 2436 1834 2510 filius

443 2561 647 2636 Gauscelini
663 2559 706 2633 de
722 2559 923 2659 Vernogilo
932 2612 942 2646 ,
963 2562 1092 2657 sponte
1108 2559 1196 2629 adiit
1212 2558 1455 2659 quorumdam
1472 2559 1734 2634 monachorum
1752 2587 1834 2635 nos-

445 2703 587 2759 trorum
609 2685 855 2783 praesentiam,
883 2680 1058 2755 Rodberti
1078 2682 1214 2753 scilicet
1231 2681 1416 2781 quondam
1438 2682 1576 2755 abbatis
1596 2685 1830 2772 Fossatensis,

443 2824 549 2906 atque
563 2804 742 2877 Gausfridi
759 2822 847 2876 tunc
859 2805 1056 2902 provisoris
1070 2804 1138 2876 loci
1152 2804 1415 2892 Bruerolensis,
1429 2805 1583 2879 offerens
1598 2808 1646 2878 eis
1659 2806 1703 2877 ad
1715 2831 1834 2880 emen·

442 2927 530 3000 dum
553 2924 780 3000 medietatem
804 2926 975 2999 acclesiae
995 2927 1156 2997 Cruciaci
1175 2925 1290 3014 villae,
1314 2953 1414 3026 quae,
1440 2929 1516 3001 sine
1535 2928 1612 3000 ullo
1634 2928 1770 3016 incola,
1795 2930 1833 2999 in

442 3049 637 3124 solitudine
654 3048 793 3122 redacta
810 3065 885 3123 tota
902 3047 1096 3136 ceciderat,
1116 3048 1260 3119 nullum
1274 3046 1408 3122 hahens
1422 3076 1465 3121 ex
1478 3076 1517 3123 ea
1533 3051 1830 3124 emolumentum.

444 3173 559 3264 Quam
578 3171 724 3272 quidem
739 3172 936 3244 aecclesiam
949 3170 1121 3270 praefatus
1133 3190 1236 3270 pater
1248 3175 1323 3269 ejus
1336 3174 1368 3244 ei
1383 3174 1597 3272 reliquerat,
1617 3171 1833 3248 hereditario

437 3299 542 3393 jure,
568 3295 645 3367 aliis
669 3294 844 3367 fratribus
873 3313 987 3368 cetera
1016 3294 1189 3368 beneficia
1216 3295 1438 3396 relinquens.
1464 3295 1632 3369 Monachi
1655 3297 1831 3397 denique,

442 3418 590 3490 alteram
615 3417 843 3491 medietatem
869 3416 1025 3517 ejusdem
1054 3417 1222 3489 aecclesiae
1243 3421 1317 3516 jam
1343 3416 1537 3505 habentes,
1565 3446 1629 3517 per
1654 3444 1834 3492 assensum

442 3541 566 3615 domni
591 3542 773 3641 Hugonis,
801 3542 943 3640 nepotis
965 3542 1034 3612 viri
1058 3541 1241 3612 clarissimi
1264 3539 1422 3629 Alberti,
1444 3567 1463 3613 a
1482 3543 1656 3641 praedicto
1679 3541 1831 3631 clerice,

443 3661 576 3763 absque
596 3664 704 3736 ullius
728 3662 885 3737 hominis
909 3664 1106 3751 calumnia,
1132 3681 1299 3736 emerunt
1313 3664 1423 3735 etiam
1440 3681 1476 3736 et
1492 3664 1641 3736 alteram
1660 3664 1835 3739 medieta-

443 3801 536 3871 tem3
562 3783 686 3857 dantes
708 3787 740 3856 ei
769 3786 931 3884 primum
949 3785 1013 3858 Vll
1039 3785 1172 3860 solidos
1195 3811 1451 3873 nummorum,
1478 3786 1656 3860 deindeV
1680 3785 1832 3874 solidos,

442 3930 660 4005 rursumque
679 3908 724 3978 lll
743 3908 892 3995 solidos3
913 3909 1102 4008 sepiusque
1116 3906 1159 3979 ad
1177 3933 1236 3980 eos
1253 3908 1418 3981 redeunti
1436 3906 1614 3981 dederunt
1631 3911 1662 3981 ei
1676 3909 1835 3981 'munus-
1859 3958 1861 3962 -

443 4027 521 4099 cula
543 4027 609 4100 sibi
635 4029 719 4127 ipsis
738 4030 945 4103 necessaria.
974 4031 1095 4103 Testes
1119 4029 1223 4128 hujus
1252 4029 1303 4102 rei
1327 4027 1548 4129 subscriptos
1575 4030 1694 4109 lector
1714 4028 1836 4103 videre

443 4165 575 4248 potest.
599 4148 816 4224 Balduinum
838 4150 1095 4250 presbiterum.
1116 4151 1351 4224 VValterium
1376 4151 1420 4225 de
1441 4152 1607 4251 Ungena.
1628 4148 1833 4223 Baldrieum

443 4271 643 4344 Bucellum.
659 4272 886 4349 Rodbertum
899 4272 1130 4345 mischinum.
1145 4271 1396 4345 Gutmundum
1408 4291 1445 4346 et
1457 4273 1671 4373 Sulpicium,
1688 4272 1831 4347 fratres.

444 4392 681 4467 Osmundum.
708 4395 944 4495 Stephanum
969 4395 1190 4470 Morardum.
1218 4393 1435 4468 Richardum
1460 4398 1709 4574 praepositum
1735 4394 1835 4468 ttod·

443 4513 589 4587 bertum
605 4518 883 4617 carpentarium
1214 4544 1222 4559 ·

496 4667 514 4704 ιι
529 4638 570 4708 ln
594 4636 658 4709 hac
682 4664 829 4740 quoque
852 4656 947 4711 carta
969 4639 1078 4712 etiam
1099 4638 1271 4713 omuibus
1294 4638 1461 4713 fidelibus
1484 4655 1615 4716 notum
1639 4667 1712 4714 esse
1728 4641 1837 4714 volu«

492 4904 497 4933 ¹
514 4899 724 4960 Transferenda
738 4901 797 4960 hoec
810 4902 906 4962 charta
923 4904 953 4961 in
967 4901 1075 4961 librum
1089 4900 1237 4963 Eustachii
1251 4901 1374 4961 abbatis.
1461 4927 1467 4937 ·
