4462 6120
87 747 156 818 tat
603 742 951 818 MONASTERIUM
1026 804 1028 809 .

84 896 366 981 interveniente,
390 917 576 966 assensum
592 890 752 991 praebuit
769 905 1075 991 supramemorata
1094 889 1223 990 Alpes,
1245 890 1318 964 filia
1343 892 1476 993 ipsius,

82 1043 166 1088 cum
182 1020 333 1116 conjuge
347 1014 520 1090 Gauslino
533 1030 570 1088 et
583 1011 778 1113 nepotibus
792 1014 942 1089 Simone
958 1029 996 1086 et
1015 1010 1183 1101 hadulfo,
1200 1039 1360 1113 quorum
1374 1040 1479 1090 soro·

20 1137 27 1147 ’
81 1165 138 1211 res
156 1140 378 1228 Emmelina,
395 1140 470 1211 Eva
484 1154 521 1212 et
534 1134 715 1211 Elisabeth
728 1135 1035 1238 subscripserunt,
1053 1116 1092 1209 et
1108 1154 1194 1237 aput
1208 1137 1381 1210 Sanctum
1392 1137 1477 1214 Clo·

80 1261 267 1349 doaldum,
293 1289 376 1334 cum
397 1279 531 1351 matre,
558 1262 649 1334 hanc
666 1278 801 1334 cartam
818 1259 1100 1336 roboraverunt.
1121 1262 1157 1333 Si
1179 1262 1262 1361 quis
1284 1287 1371 1335 vero
1392 1259 1478 1334 huic

79 1385 177 1460 dono
210 1385 403 1486 aliquando
431 1387 611 1460 contraire
636 1385 813 1472 voluerit,
837 1384 950 1483 judici
978 1384 1079 1483 prius
1105 1384 1132 1455 C
1156 1382 1267 1456 libras
1297 1385 1478 1483 persolvat

79 1509 177 1602 auri,
194 1524 247 1600 et,
268 1508 335 1580 nisi
352 1509 566 1609 resipuerit,
587 1534 670 1579 cum
688 1505 743 1601 his
759 1507 820 1607 qui
835 1507 1038 1580 Dominum
1054 1507 1152 1579 cruci
1172 1507 1352 1596 fixerunt,
1368 1509 1406 1579 in
1419 1508 1478 1580 in-

78 1632 185 1706 ferno
203 1632 322 1731 lapsus
341 1657 450 1731 penas
470 1633 545 1704 luat
567 1645 770 1730 perpetuas.
790 1629 879 1702 Acta
896 1646 951 1703 est
968 1631 1103 1702 cartula
1122 1630 1309 1718 Carnutis,
1329 1654 1395 1703 vni
1412 1632 1478 1704 lra-

78 1753 199 1828 lendas
220 1751 401 1843 octobris,
421 1771 458 1827 et
474 1753 619 1854 publice
637 1780 744 1852 super
765 1752 874 1826 altare
897 1753 993 1827 beati
1017 1754 1114 1826 Petri
1141 1753 1292 1852 apostoli
1316 1754 1434 1854 posita
1455 1782 1476 1828 a

78 1878 252 1952 Gauslino
274 1879 356 1952 viro
373 1877 497 1977 Alpes,
520 1893 627 1977 atque
646 1878 762 1950 crucis
780 1877 884 1978 signo
902 1875 947 1948 ab
965 1875 1092 1951 eodem
1112 1875 1363 1952 corroborata.
1382 1878 1476 1950 Cum

78 2026 152 2101 quo
165 1998 317 2072 fuerunt
333 2031 341 2071 ε
358 1997 561 2090 Albericus,
577 1998 726 2071 clericus
740 1996 784 2071 de
796 1997 962 2071 Medanta
975 2012 1106 2086 castro,
1122 2015 1159 2071 et
1172 1997 1365 2088 Nivantus,
1380 1997 1477 2072 filius

80 2124 258 2222 Hugonis.
278 2121 480 2196 Nobiscum
497 2147 585 2196 vero
601 2120 753 2194 fuerunt
770 2153 778 2194 ε
798 2119 974 2194 Ernulfus
991 2121 1116 2221 Niger,
1136 2119 1332 2194 Rainaldus
1350 2146 1474 2224 agaso,

77 2243 261 2319 Gilduinis
277 2249 407 2346 major,
427 2243 630 2344 Stephanus
647 2243 812 2333 Galoius,
831 2241 1233 2332 Fulchardus,l²rodo,
1253 2242 1473 2333 Adventius,

79 2370 306 2458 Tescelinus,
322 2368 578 2470 Leodegarius,
592 2367 784 2457 Girardus,
800 2365 995 2440 Rainaldus
1003 2422 1014 2457 ,
1029 2367 1268 2454 Laurentius,
1283 2369 1373 2441 item
1386 2369 1478 2441 Lau-

77 2494 232 2565 rentius.
242 2492 343 2593 Aput
350 2493 523 2566 Sanctum
533 2491 787 2584 Clodoaldum,
799 2491 862 2563 ubi
873 2489 994 2591 Alpes,
1004 2516 1100 2564 uxor
1109 2489 1287 2578 Gauslini,
1299 2489 1391 2564 hanc
1401 2518 1477 2564 car-

79 2630 170 2704 tam,
191 2641 275 2687 cum
297 2615 381 2688 filiis
404 2615 637 2719 filiabusque,
663 2615 841 2701 firmavit,
866 2613 1019 2688 fuerunt
1042 2612 1078 2686 hi
1100 2646 1109 2686 ε
1129 2613 1302 2715 Ogerius,
1321 2613 1477 2689 decanus

77 2738 199 2810 Sancti
215 2736 446 2828 Chlodoaldi;
463 2739 605 2828 Teudo,
621 2737 829 2839 Othgerius,
850 2737 1043 2820 Radulfus;
1060 2736 1248 2827 Albertus,
1263 2735 1358 2810 filius
1371 2738 1478 2838 lnge-

78 2860 184 2953 nulfi,
197 2860 376 2933 Ernulfus
385 2889 396 2950 3
412 2860 634 2951 Cunherius,
650 2860 747 2934 filius
763 2860 914 2933 Ernaldi
927 2860 971 2934 de
984 2860 1104 2936 Vallo.
1121 2863 1220 2933 Hanc
1235 2887 1382 2962 quoque
1397 2885 1478 2932 car-

77 2999 151 3055 tam
165 2983 403 3056 firmaverunt
416 2983 480 3059 filii
493 2984 713 3073 VVaszonis,
729 2985 836 3085 Hugo
854 2982 1038 3073 videlieet,
1054 2982 1179 3058 domni
1194 2982 1336 3058 Alberti
1352 2986 1473 3073 heres,

76 3121 113 3179 et
129 3104 269 3181 Guaszo
278 3161 291 3198 ,
310 3106 424 3180 frater
440 3110 528 3206 ejus.
546 3109 587 3180 ln
606 3108 678 3182 fine
693 3134 841 3209 quoque
857 3109 1007 3181 nomina
1021 3133 1149 3181 eorum
1164 3107 1303 3208 placuit
1317 3133 1475 3208 ponere,

75 3227 119 3301 de
130 3256 291 3331 quorum
303 3229 482 3306 beneficio
496 3233 707 3331 praescripta
720 3233 866 3332 largitio
881 3229 1079 3320 descendit,
1094 3245 1188 3303 utet
1203 3257 1271 3330 pro
1289 3230 1373 3330 ipsis
1380 3232 1478 3331 jugi·

75 3366 132 3424 ter
146 3368 298 3427 oretur:
318 3354 547 3455 Maingotus,
573 3355 629 3427 vir
652 3353 858 3441 Hersindis,
882 3380 965 3455 quae
985 3352 1054 3428 hoc
1070 3353 1212 3426 donum
1227 3352 1345 3444 dedit3
1366 3357 1477 3455 lnge—

76 3474 221 3564 nulfus,
240 3478 341 3574 cujus
358 3476 475 3550 lilium
488 3481 564 3576 jam
580 3478 821 3575 praemisimus
831 3531 841 3565 ,
862 3474 1055 3550 Albertum
1070 3477 1235 3550 nomine.
1253 3507 1271 3545 ιι

533 3733 886 3826 CAPITULUM
928 3736 1012 3824 XI.

549 3984 594 4044 De
608 3983 775 4056 molendino
789 3983 876 4047 Mala
891 3986 996 4047 Poenae.

0 4238 2 4273 ι
25 4233 49 4281 o.
125 4240 143 4279 o
160 4212 204 4285 ln
221 4210 371 4284 nomine
384 4190 534 4287 Domini
550 4213 666 4288 nostri
679 4211 790 4286 Jhesu
803 4213 951 4287 Christi.
969 4212 1109 4287 Notum
1123 4240 1198 4289 esse
1210 4216 1380 4291 volumus
1392 4243 1476 4292 om-

73 4331 183 4407 nibus
201 4331 334 4406 Christi
357 4334 527 4409 aecclesiae
553 4334 739 4425 fidelibus,
762 4353 836 4409 tam
853 4336 1083 4437 presentibus
1105 4364 1215 4440 quam
1232 4338 1387 4429 futuris,
1406 4365 1475 4441 ego

75 4455 272 4530 landricus
286 4455 414 4547 abbas,
430 4457 672 4560 monachique
685 4459 846 4535 coenobii
859 4461 981 4534 Sancti
994 4462 1089 4534 Petri
1102 4461 1346 4553 Carnotensis,
1358 4463 1472 4564 quod,

75 4605 158 4654 cum
170 4580 329 4654 eccclesia
342 4580 386 4655 de
400 4582 615 4657 Bruerolisa
630 4581 858 4658 nobilissimo
871 4585 952 4659 viro
966 4582 1118 4659 Alberto
1127 4584 1234 4659 nobis
1245 4583 1371 4659 fuisset
1384 4611 1476 4661 con-

77 4729 191 4794 cessa,
210 4705 327 4776 visum
340 4719 394 4778 est
411 4703 518 4779 nobis
535 4704 775 4804 profuturum
792 4731 886 4799 esse,
906 4722 948 4779 ut
960 4705 1028 4778 sub
1046 4707 1121 4806 ipsa
1136 4708 1291 4781 aecclesia
1306 4724 1474 4809 stagnum

76 4843 381 4901 construeremus.
402 4827 508 4921 Quod
528 4854 612 4901 cum
626 4829 779 4905 minime
796 4846 916 4930 posset
931 4829 1033 4920 fieri,
1055 4831 1123 4903 nisi
1141 4829 1242 4907 foret
1257 4849 1379 4932 empta
1392 4856 1474 4906 areu

75 4949 185 5023 unius
202 4947 425 5041 molendini,
440 4950 530 5025 olim
543 4951 721 5026 nominati
740 4952 832 5026 Mala
847 4954 981 5044 Poena,
996 4951 1139 5027 cuidam
1154 4955 1264 5028 militi
1276 4953 1474 5032 vvalterio
