4462 6120
687 748 724 819 S.
749 747 891 820 PETRI
918 743 1257 819 CARNOTENSIS.
1649 747 1671 816 9

276 919 295 964 a
315 906 417 966 tanto
434 890 558 966 labore
574 895 651 967 sine
670 895 746 970 ullo
763 921 896 995 pavore
915 896 1041 995 coepit.
1059 896 1166 968 Tunc
1183 923 1203 967 a
1218 897 1314 983 Deo,
1331 919 1440 995 quem
1458 891 1673 966 multimode

276 1014 377 1087 malis
388 1015 659 1090 exacerbaverat
672 1018 861 1118 operibus,
882 1019 1071 1106 derelicta,
1091 1035 1198 1092 terrae
1217 1019 1381 1119 marique
1399 1016 1594 1091 admodum
1611 1041 1675 1116 pe-

275 1259 400 1359 gladiis
414 1261 576 1360 depasta,
597 1279 638 1335 ut
653 1291 695 1337 ex
714 1278 812 1335 tanta
829 1261 1064 1335 multitudine
1077 1289 1153 1336 non
1167 1263 1292 1362 legisse
1305 1288 1362 1335 mc
1376 1262 1525 1334 memini
1549 1287 1673 1360 quem-

275 1383 371 1482 piam
395 1385 560 1472 evasisse,
585 1411 703 1487 neque
720 1386 896 1487 aliquem,
920 1381 1054 1486 'praeter
1069 1413 1205 1474 unum,
1226 1387 1263 1457 in
1282 1385 1487 1485 captivitate
1504 1383 1669 1456 ductum.

274 1504 328 1578 De
349 1532 509 1605 quorum
527 1510 700 1610 sanguine
722 1508 873 1581 madidae
896 1508 1032 1581 bibulae
1057 1528 1175 1582 arenae
1202 1535 1268 1608 per
1285 1507 1397 1580 undas
1416 1508 1468 1578 sui
1488 1506 1669 1591 lluminis,

274 1629 373 1727 quasi
398 1644 582 1727 pertesum
600 1630 785 1719 babentes,
809 1633 926 1731 ipsum
943 1634 1154 1732 sanguinem
1171 1647 1391 1718 evomentes,
1412 1630 1525 1728 longo
1543 1626 1672 1702 ordine

274 1775 372 1824 mare
391 1754 606 1853 contiguum
618 1754 797 1827 inmundo
812 1780 942 1827 cruore
961 1754 1142 1826 inliciunt.

323 1873 384 1946 Set
406 1875 490 1974 quia
514 1877 612 1950 calor
634 1875 775 1949 dicendi
802 1903 860 1948 me
884 1876 1060 1975 compulit
1083 1875 1344 1975 digressionem
1365 1874 1498 1961 lacere,
1520 1877 1592 1967 jam
1612 1897 1671 1945 me

274 2014 485 2070 convertam
502 2001 744 2098 primumiter
761 2024 943 2100 peragere,
956 2015 992 2072 ct
1009 2025 1091 2100 quae
1113 1999 1230 2097 prima
1254 1999 1418 2070 invenire
1438 2012 1569 2096 potero
1590 1994 1670 2067 data

274 2118 328 2192 vel
348 2128 502 2217 possessa
519 2122 592 2194 sive
609 2149 627 2193 a
646 2121 784 2193 clericis
806 2120 911 2220 hujus
931 2148 1038 2219 supra
1060 2121 1204 2218 scriptae
1228 2120 1416 2208 aecclesiae,
1443 2120 1515 2192 sive
1538 2143 1671 2192 mona-

274 2239 369 2330 chis,
388 2243 567 2316 moderno
584 2259 745 2343 tempore
766 2271 785 2315 a
802 2243 1000 2317 venerabili
1018 2242 1246 2342 Ragenfredo
1264 2243 1417 2342 praesule
1434 2241 1559 2314 divino
1577 2254 1671 2312 nutu

274 2365 498 2452 constitutis,
520 2382 606 2437 sunt
622 2364 780 2452 reddita,
801 2365 856 2438 vel
872 2364 916 2436 ab
930 2365 1006 2436 aliis
1019 2364 1196 2464 religiosis
1210 2365 1296 2436 viris
1313 2392 1381 2463 pro
1399 2391 1544 2435 suarum
1558 2362 1670 2434 salute

273 2487 476 2558 animarum
494 2487 638 2586 largita,
661 2488 753 2558 sicut
772 2487 810 2558 in
825 2487 940 2560 nostri
958 2485 1155 2560 archisterii
1174 2487 1317 2588 scriptis
1334 2487 1509 2587 repperiri
1530 2498 1666 2594 potest,

274 2608 348 2682 veri
362 2609 485 2680 calami
504 2610 621 2682 officio
639 2607 880 2684 transcribere
893 2606 1041 2685 curabo.

320 2858 400 2932 Vll.
419 2859 540 2931 Prius¹
558 2873 676 2932 tamen
696 2860 795 2960 quod
813 2862 1008 2935 assertione
1026 2861 1181 2936 veridica
1200 2879 1414 2942 nostrorum
1431 2858 1538 2939 didici
1554 2859 1672 2930 senio·

272 3007 356 3053 rum
375 2983 581 3053 summatim
597 2985 842 3083 perstringere
857 2983 982 3073 libuit,
1003 2986 1158 3085 qualiter
1175 3013 1193 3056 a
1210 2984 1368 3085 quodam
1382 2983 1457 3055 Elia
1474 2983 1670 3081 episcopo¹

272 3131 290 3175 a
303 3105 420 3203 prisca
437 3103 627 3178 nobilitate
641 3108 713 3178 sive
727 3108 883 3180 maximo
897 3108 1036 3181 honore
1050 3108 1236 3197 deciderit,
1250 3109 1312 3207 qui
1330 3106 1544 3180 auctoritate
1558 3104 1668 3204 regia,

272 3252 381 3326 quam
392 3225 488 3300 sorte
500 3243 636 3300 emerat
647 3229 823 3326 pecuniis,
833 3254 1036 3327 supeream,
1046 3245 1221 3328 potestate
1235 3227 1392 3328 indepta,
1402 3254 1574 3326 usurpare
1587 3252 1671 3298 cum

272 3350 380 3420 armis
402 3376 479 3423 non
500 3350 643 3439 timuit,
664 3352 702 3424 in
722 3353 831 3451 ipsius
849 3353 1018 3426 aecclesiae
1036 3350 1222 3429 liminibus
1238 3351 1357 3423 multo
1371 3376 1500 3423 cruore
1520 3349 1668 3435 cffuso³,

272 3471 359 3544 dum
377 3472 545 3547 monachi
566 3477 728 3574 priorem
742 3491 875 3548 statum
893 3477 1052 3560 colerent
1071 3493 1178 3576 atque
1193 3477 1402 3575 episcopum
1415 3471 1668 3545 abhorrerent.

270 3593 374 3668 Unde
400 3595 614 3671 factumest
640 3614 681 3670 ut
705 3598 970 3674 monachorum
993 3601 1141 3700 plurimi
1169 3599 1292 3673 locum
1312 3599 1367 3670 cui
1393 3624 1428 3670 se
1452 3595 1671 3670 devoverant

271 3715 489 3807 desererent,
501 3735 537 3793 et
556 3721 592 3793 in
611 3721 832 3822 Burgundiae
851 3722 1014 3821 partibus
1032 3738 1119 3822 aput
1138 3720 1286 3795 beatum
1304 3721 1526 3795 Germanum
1544 3719 1671 3792 Autis-

270 3839 511 3914 sioderensem
535 3860 820 3933 commorantes,
844 3846 1032 3944 praesentis
1050 3847 1135 3918 vitae
1154 3872 1300 3918 cursum
1319 3844 1454 3918 ibidem
1476 3843 1667 3917 finierunt.

271 3961 467 4035 Praedictus
480 3990 568 4064 ergo
582 3966 727 4063 praesul,
742 3983 845 4039 nacta
861 3969 1050 4042 occasione
1063 3969 1249 4068 praeciosa,
1264 3975 1345 4068 qu'ae
1363 3965 1414 4039 ibi
1432 3967 1593 4076 repperit
1607 3992 1671 4040 or-

271 4102 438 4158 namenta
456 4114 606 4194 vasaque
617 4087 755 4163 diversa
766 4117 873 4180 aurea
891 4090 946 4164 vel
964 4107 1150 4191 argentea,
1168 4118 1251 4196 quae
1267 4090 1494 4191 concupivit,
1516 4088 1670 4190 abspor-

314 4381 322 4406 ¹
345 4371 401 4429 Hic
422 4373 617 4453 paragraphus
636 4375 665 4431 in
686 4375 749 4434 cod.
777 4376 800 4436 B
822 4400 887 4437 cum
907 4380 951 4437 le·
988 4379 1228 4461 quadragesimus
1258 4379 1402 4437 secundus
1432 4379 1553 4437 antistes
1582 4376 1669 4457 liujus

271 4468 352 4527 vibus
369 4470 552 4529 varietatibus
570 4473 687 4554 legitur,
705 4476 804 4554 sicque
820 4476 924 4556 incipit
941 4499 948 4533 a
987 4478 1065 4536 urbis
1078 4479 1185 4549 extitit,
1203 4481 1372 4537 auctoritate
1386 4477 1482 4558 regia,
1501 4488 1556 4536 etc.

273 4567 406 4646 Qualiter
424 4583 520 4627 autam
540 4592 560 4628 a
580 4573 675 4652 prima
693 4573 841 4631 nobilitate
864 4588 951 4656 atque
1028 4573 1416 4653 ’Abannossdoadanuum
1425 4572 1667 4654 846.D.Mutey.

271 4668 394 4724 maximo
405 4665 508 4725 bonore
513 4669 659 4752 proesatus
667 4671 747 4729 locus
755 4671 862 4729 Sancti
869 4673 952 4731 Petri
1029 4669 1123 4730 ³Cod.
1141 4670 1183 4745 B,
1202 4671 1339 4751 prodam
1357 4669 1503 4740 monachi,
1524 4680 1595 4743 etc,
1613 4666 1669 4726 ha-

271 4762 421 4835 daciderd,
442 4767 516 4822 sicut
534 4767 663 4826 veridica
682 4769 840 4827 assertione
855 4771 952 4828 senio·
986 4769 1055 4828 bet:
1075 4771 1226 4831 lutraitnm¹
1240 4793 1326 4828 suum
1348 4769 1496 4849 lugubrem
1514 4781 1600 4850 atque
1621 4768 1669 4826 ni-

270 4884 332 4921 rum
347 4862 442 4920 dedici
453 4868 617 4924 summatim
631 4868 824 4949 perstm'ngera
837 4871 946 4928 curavi.
987 4868 1085 4927 tialam
1100 4869 1209 4927 exi'buit
1216 4915 1227 4942 ,
1250 4882 1276 4927 at
1295 4866 1508 4927 inextricabiles
1531 4864 1668 4924 dividuas

270 4961 374 5019 Fertur
387 4982 451 5040 arga
466 4962 637 5042 aquodam,
654 4965 743 5024 Halia
757 4966 883 5038 nomina,
900 4967 952 5048 qui
987 4964 1194 5030 habitatoribus
1209 4963 1315 5046 iry'ecit.
1329 4964 1533 5049 Undesactum
1543 4977 1597 5036 est,
1609 4975 1665 5022 etc.
