4462 6120
550 755 587 833 S.
607 759 750 834 PETRI
775 755 1111 834 GARNOTENSlS.
1460 761 1529 833 129

137 901 238 977 omni
275 904 452 978 calumnia
482 909 736 983 universorum
769 909 960 984 hominum
997 907 1194 980 aeeclesiam
1225 906 1271 981 de
1302 907 1530 983 Bruerolensi

136 1024 233 1117 vico,
248 1053 357 1128 quam
368 1044 471 1126 pater
486 1056 588 1103 meus
601 1031 639 1102 in
656 1028 798 1104 honore
812 1032 925 1102 sancti
940 1030 1112 1102 Germani
1126 1030 1283 1130 episcopi
1302 1031 1528 1118 construxit,

136 1170 221 1219 cum
237 1150 331 1223 atrio
348 1165 384 1224 et
400 1151 584 1251 sepultura
608 1179 648 1224 ae
672 1153 809 1226 decima
829 1154 938 1253 ipsius
955 1151 1146 1245 aecclesiae,
1164 1179 1247 1254 quae
1265 1154 1304 1226 in
1324 1170 1436 1226 manu
1452 1176 1532 1226 mea

135 1293 209 1343 esse
222 1272 379 1362 ridetur,
401 1272 534 1349 Sancto
549 1276 658 1350 Petro
676 1273 835 1349 coenobii
855 1275 1087 1349 Carnotensis
1107 1276 1266 1349 concedo
1273 1305 1284 1365 3
1303 1293 1346 1349 ut
1362 1273 1530 1351 monaehi

135 1391 247 1491 ipsius
275 1395 456 1486 coenobii,
486 1395 531 1469 ab
557 1397 622 1471 lrac
648 1399 706 1472 dic
734 1401 924 1492 inantea,
955 1398 1105 1472 eandem
1131 1398 1327 1472 aecclesiam
1352 1398 1529 1485 habeant,

135 1529 284 1590 teneant
300 1533 339 1590 et
356 1520 394 1590 in
416 1537 595 1593 aeternum
615 1521 834 1621 possideant.
861 1522 984 1594 Altare
1002 1547 1149 1623 quoque
1167 1521 1325 1621 ejusdem
1341 1520 1528 1608 aecclesiae,

134 1638 233 1739 quod
245 1639 292 1713 ab
305 1642 474 1742 episcopo
487 1644 700 1719 Garnotensi
713 1672 854 1747 semper
868 1647 905 1718 in
923 1644 1006 1721 fevo
1024 1661 1230 1734 tenueram,
1249 1644 1333 1717 lruie
1345 1643 1530 1744 largitioni

135 1788 223 1836 meae
246 1762 402 1839 domnus
417 1793 518 1841 meus
534 1768 741 1869 Agobertus
754 1771 961 1870 episcopus,
981 1796 1054 1842 una
1072 1795 1157 1842 cum
1174 1795 1317 1843 assensu
1333 1768 1532 1842 canonico·

135 1911 220 1959 rum
244 1888 307 1988 qui
336 1915 419 1961 cum
448 1891 525 1990 ipso
553 1908 657 1964 erant
680 1894 831 1982 llrocis,
857 1894 895 1965 in
913 1894 1011 1965 curia
1032 1893 1148 1992 regis,
1175 1890 1329 1980 addidit,
1353 1890 1532 1990 petitione

135 2009 301 2082 landrici
318 2009 456 2086 abbatis
472 2031 509 2088 et
521 2032 644 2091 nostra
658 2017 783 2090 llexus.
800 2018 909 2105 Item,
929 2042 1075 2091 censum
1092 2015 1202 2115 ipsius
1213 2013 1280 2086 vici
1297 2040 1382 2086 cum
1394 2011 1531 2087 decima

135 2134 282 2205 mercati
301 2136 477 2230 concedo,
495 2154 533 2211 et
548 2141 719 2241 quicquic
732 2167 774 2212 ex
791 2141 892 2215 omni
911 2165 1042 2240 genere
1056 2139 1215 2227 olerum,
1233 2163 1295 2210 seu
1312 2161 1528 2236 pomorum,

134 2269 255 2353 potest
268 2257 379 2357 accipi
393 2262 475 2357 jure
493 2262 664 2351 mercati,
686 2288 829 2335 necnon
852 2277 888 2335 et
904 2261 1084 2362 pugillum
1103 2259 1184 2332 salis
1200 2261 1263 2361 qui
1282 2257 1469 2359 colligitur
1484 2256 1530 2330 ab

135 2402 358 2481 unoquoque
385 2380 568 2459 salinario.
595 2385 706 2473 ltem,
730 2383 816 2457 duas
839 2401 958 2485 partes
978 2383 1079 2456 furni
1103 2385 1142 2457 in
1169 2384 1246 2483 ipso
1270 2382 1369 2472 vico,
1398 2395 1531 2483 praeter

135 2525 245 2600 quem
256 2501 348 2576 alter
359 2504 511 2578 minime
526 2506 572 2578 sit
590 2508 628 2579 in
647 2523 723 2582 tota
739 2508 836 2580 villa.
857 2510 966 2598 ltem,
987 2524 1070 2609 post
1088 2506 1263 2607 capitium
1282 2505 1392 2606 ipsius
1407 2505 1530 2579 aeccle·

135 2621 215 2712 siae,
247 2623 337 2699 duos
360 2629 578 2728 agripennos
605 2644 712 2703 terrae
737 2646 773 2704 et
800 2648 941 2730 pratos,
968 2657 1060 2732 quos
1078 2626 1146 2702 sub
1170 2630 1247 2730 ipso
1269 2629 1351 2702 rico
1368 2626 1532 2702 habuisse

134 2747 274 2839 videor,
290 2749 465 2843 concedo,
485 2768 691 2853 terramque
709 2752 881 2827 Walterii
898 2753 1054 2842 Costati,
1073 2780 1182 2854 qnam
1195 2753 1316 2826 tenuit
1328 2749 1415 2823 dum
1431 2776 1532 2851 prae-

134 2873 274 2972 positus
288 2872 372 2948 fuit.
391 2873 559 2949 Concedo
571 2892 607 2948 et
623 2874 747 2948 lucum
760 2878 823 2978 qui
838 2876 985 2976 adjacet.
1000 2878 1153 2949 Terram
1167 2899 1313 2977 quoque
1325 2900 1407 2974 quae
1420 2872 1531 2947 michi

136 2997 283 3086 colitur,
303 3023 387 3070 cum
405 2997 488 3072 luco
505 2998 701 3098 adjacenti,
714 3015 805 3072 ‘cum
823 2998 922 3073 hunc
939 3002 1109 3101 iniquum
1127 2998 1287 3073 seculum
1304 2998 1407 3070 vivus
1423 2995 1534 3069 relin-

135 3143 270 3219 quero,
295 3135 358 3191 aut
381 3136 550 3195 mortuus
568 3148 722 3223 corpore
738 3122 922 3212 dimisero,
947 3121 1113 3196 habendo
1130 3120 1335 3222 possideant
1356 3136 1393 3194 et
1415 3119 1534 3219 possi·

134 3240 254 3316 dendo
281 3243 403 3317 colant
425 3242 594 3320 monachi
618 3245 812 3345 supradicti
839 3246 1023 3336 coenobii,
1047 3261 1314 3322 commorantes
1336 3241 1387 3316 ibi
1409 3259 1447 3314 et
1463 3268 1533 3341 pro

135 3363 243 3441 nobis
255 3364 426 3439 omnibus
441 3366 479 3438 in
493 3365 643 3466 praefata
657 3368 813 3441 aecclesia
827 3367 1070 3468 deprecantes.
1091 3370 1133 3441 ln
1148 3367 1260 3443 bosco
1276 3365 1450 3467 denique,
1468 3365 1533 3465 qui

133 3485 269 3561 dicitur
299 3489 419 3561 Sancti
446 3490 624 3590 Remigii,
648 3491 799 3592 singulis
822 3493 925 3565 annis
949 3517 1086 3567 amnuo
1110 3487 1296 3565 monachis
1321 3487 1534 3589 pasnadium

135 3636 286 3683 suorum
302 3638 521 3711 porcorum,
538 3640 727 3715 unumque
753 3617 1070 3716 agripennarium,
1090 3613 1154 3686 ubi
1172 3611 1313 3686 subulci
1330 3607 1533 3686 monacho-

134 3758 242 3824 rum,
268 3759 352 3806 cum
376 3735 497 3834 porcis
522 3737 594 3808 suis
616 3734 834 3826 dormituri,
854 3737 1013 3811 reditum
1031 3735 1186 3810 habeant
1209 3734 1460 3811 domesticum.
1480 3732 1533 3806 De

134 3873 267 3932 caetero
281 3855 455 3931 omnibus
470 3860 558 3931 meis
575 3858 702 3935 tribuo
716 3861 920 3953 licentiam,
939 3876 1002 3951 ut,
1023 3887 1068 3934 ex
1084 3858 1192 3934 rebus
1205 3885 1293 3960 quas
1309 3885 1353 3932 ex
1369 3882 1452 3932 meo
1469 3854 1534 3930 be-

134 3979 266 4055 neficio
295 3978 466 4053 videntur
495 3980 647 4072 habere,
681 4010 749 4083 pro
779 3984 967 4057 animabus
996 3985 1089 4073 suis,
1118 3981 1308 4084 praefatam
1336 3980 1533 4054 aecclesiam

132 4101 253 4176 ditent
273 4119 380 4204 atque
399 4122 601 4196 exornent,
623 4107 717 4178 sicut
727 4109 802 4207 jam
819 4106 906 4181 fecit
922 4108 1159 4195 Walterius',
1178 4106 1394 4206 prenomine
1409 4103 1534 4176 Palar-

134 4222 222 4314 dus,
245 4226 308 4326 qui
334 4225 563 4301 medietatem
587 4244 694 4302 terrae
713 4229 922 4319 Bulfiniaci,
941 4256 1009 4329 pro
1027 4230 1147 4301 anima
1169 4254 1252 4317 sua,
1281 4230 1320 4301 in
1344 4224 1533 4326 stipendiis

134 4346 398 4423 monachorum
412 4352 606 4440 concessit3
621 4368 706 4452 post
717 4369 876 4426 mortem
888 4379 976 4428 rero
988 4352 1137 4426 alteram
1149 4367 1290 4453 partem
1303 4366 1412 4424 terrae
1424 4374 1534 4452 quam

133 4473 259 4545 vivens
276 4473 429 4563 retinet,
448 4474 551 4548 alteri
574 4477 669 4576 parti
688 4476 814 4551 eodem
832 4476 941 4553 modo
956 4475 1084 4566 adicit,
1104 4478 1198 4548 sicut
1216 4476 1287 4548 alio
1307 4477 1345 4549 in
1366 4475 1449 4549 loco
1466 4472 1534 4546 ha·

133 4594 243 4668 betur
259 4597 449 4697 scriptum.
476 4601 585 4690 ltem,
606 4599 813 4675 llodbertus
831 4600 875 4675 de
897 4602 1051 4676 Fossatis
1073 4616 1205 4674 terram
1229 4600 1337 4671 unius
1358 4597 1466 4670 aratri
1493 4596 1532 4669 in

134 4717 309 4792 Fontanis
327 4723 516 4796 concessit.
542 4724 654 4812 ltem,
674 4723 859 4797 Hersindis
881 4723 1047 4826 quaedam
1071 4722 1177 4796 vidua
1202 4723 1336 4795 Sancto
1362 4722 1472 4797 Petro
1495 4735 1532 4793 et

178 4977 187 5003 ¹
200 4966 244 5026 De
259 4989 317 5048 qua
332 4973 516 5033 concessione
529 4974 679 5036 Walterii
696 4974 763 5036 vide
776 4974 914 5050 inferius,
931 4998 994 5057 cap.
1009 4973 1096 5050 XIV,
1112 4997 1141 5055 p.
1160 4970 1228 5034 136.
