4462 6120
756 702 793 772 S.
813 700 956 774 PETRl
981 698 1318 773 GARNOTENSIS.
1679 696 1730 769 57

336 864 427 921 runt
443 851 562 951 itaque
580 850 617 923 in
637 851 763 950 primis
778 846 948 925 monachi
956 850 1032 948 jam
1048 846 1146 919 dicto
1166 844 1345 945 lngelerio
1363 843 1401 914 in
1418 841 1492 915 Pici
1507 842 1619 931 Villa,
1635 858 1672 915 et
1693 844 1731 914 in

337 971 427 1043 Sirei
436 970 543 1060 Villa,
558 989 594 1046 et
610 969 756 1047 Adorlei
764 971 871 1061 Villa,
882 987 919 1045 et
930 970 1063 1044 Atellei
1072 969 1182 1058 Villa,
1196 985 1233 1041 et
1240 966 1422 1041 Abassinci
1434 964 1541 1054 Villa,
1554 964 1730 1066 quicquid

337 1088 389 1162 ibi
406 1092 470 1164 visi
487 1110 574 1165 sunt
586 1090 764 1167 habuisse.
779 1094 810 1166 E
823 1110 949 1168 contra
965 1090 1065 1165 dedit
1081 1090 1278 1191 lngelerius
1293 1085 1480 1164 monachis
1493 1087 1615 1158 Sancti
1630 1086 1729 1158 Petri

335 1212 458 1287 villum
470 1216 616 1314 Septem
632 1214 811 1290 Modiolos
823 1230 1084 1314 nuncupatam,
1102 1238 1186 1284 cum
1197 1211 1295 1283 silvis
1309 1227 1345 1283 et
1359 1210 1493 1310 campis
1506 1226 1543 1281 et
1557 1206 1729 1283 omnibus

334 1332 379 1407 sd
398 1360 476 1408 eam
497 1336 778 1437 pertinentibus.
803 1336 1038 1409 'l'erminatur
1067 1335 1140 1434 ipsa
1170 1350 1286 1423 terra,
1313 1358 1358 1405 ex
1384 1358 1456 1405 una
1483 1348 1605 1432 parte,
1632 1347 1729 1405 terra

334 1458 477 1532 Sanctae
496 1461 640 1548 Mariae3
662 1486 706 1533 ex
731 1460 861 1547 alters,
881 1473 978 1533 terra
1003 1458 1125 1531 Sancti
1151 1458 1322 1545 Martini3
1353 1456 1463 1529 tercia
1489 1472 1604 1555 parte,
1633 1471 1728 1528 terra

336 1580 445 1679 ipsius
459 1581 580 1654 Sancti
594 1581 690 1654 Petri
698 1611 710 1671 ς
727 1598 855 1682 quarta
870 1598 988 1679 parte,
1004 1595 1099 1653 terra
1113 1582 1305 1654 Tetmaris.
1318 1579 1369 1651 Ea
1383 1579 1526 1653 ratione
1539 1577 1616 1651 haec
1630 1602 1730 1652 com-

333 1705 492 1779 mutatio
511 1703 606 1777 faeta
625 1720 680 1778 est
701 1721 745 1776 ut
769 1704 815 1777 ab
839 1701 1014 1778 hodierna
1038 1702 1095 1776 die
1121 1726 1350 1803 unaquaeque
1370 1728 1452 1800 pars
1474 1700 1519 1773 de
1532 1700 1729 1799 jamdictis

258 1894 268 1913 ,
334 1821 442 1897 saciat
456 1826 631 1927 quicquid
653 1827 829 1915 voluerit3
846 1842 884 1899 et
900 1844 942 1899 ut
960 1827 1036 1927 ipsa
1056 1825 1296 1900 commutatio
1315 1822 1418 1896 firma
1433 1839 1470 1896 et
1487 1822 1626 1895 stabilis
1643 1846 1730 1920 per-

333 1964 494 2036 maneat,
511 1948 647 2048 placuit
663 1948 794 2023 exinde
816 1948 909 2021 hanc
927 1965 1063 2021 cartam
1080 1947 1158 2022 fieri
1176 1963 1213 2019 et
1234 1947 1393 2046 propriis
1411 1944 1579 2017 manibus
1601 1970 1729 2019 corro-

333 2066 470 2141 borari.
493 2069 628 2143 Actum
645 2072 832 2160 Garnotis,
853 2070 1013 2171 publice.
1032 2072 1186 2171 Signum
1205 2066 1381 2145 VViberti
1396 2066 1547 2139 abbatis.
1569 2066 1606 2138 S.
1625 2066 1729 2151 Heri·¹

335 2193 459 2263 manni
477 2191 615 2264 decani.
633 2193 670 2265 S.
687 2192 861 2267 Gisberti.
875 2193 912 2265 S.
928 2190 1123 2267 Norboldi.
1143 2192 1181 2264 S.
1195 2190 1383 2265 Germani.
1399 2191 1437 2262 S.
1450 2186 1725 2289 VVarengaudi.

336 2310 373 2383 S.
396 2312 558 2386 Erberti.
583 2315 619 2386 S.
643 2314 819 2387 Durandi.
844 2315 882 2387 S.
903 2314 1019 2389 Alvei.
1046 2315 1083 2386 S.
1103 2311 1254 2387 Odonis.
1275 2313 1312 2385 S.
1332 2310 1520 2386 Bernardi.
1547 2311 1585 2383 S.
1604 2310 1728 2383 Aimo-

334 2435 404 2507 nis.
428 2436 466 2508 S.
481 2436 663 2509 Fulcuini.
689 2437 727 2509 S.
749 2435 940 2526 Tedberti‚
958 2434 1236 2510 monachorum.

385 2588 403 2625 α
413 2558 505 2631 Data
516 2585 586 2633 vin
606 2558 685 2632 idus
696 2560 843 2647 marcii,
859 2585 957 2634 anno
971 2559 1083 2632 tercio
1095 2554 1237 2631 decimo
1250 2573 1425 2657 regnante
1440 2581 1526 2657 rege
1536 2552 1723 2631 lothario.

385 2680 636 2757 «VValdricus
654 2681 862 2772 notharius,
884 2698 1049 2783 rogatus,
1069 2680 1225 2783 scripsit.
1248 2708 1267 2748 n

787 2995 1144 3085 CAPITULUM
1175 2997 1257 3083 ΙΙΙ.

381 3241 425 3299 De
437 3263 500 3300 area
518 3240 641 3299 duorum
655 3240 887 3301 molendinorum
903 3240 1020 3300 Falcsiae
1032 3241 1070 3298 ab
1085 3240 1215 3299 Andrado
1227 3240 1368 3297 canonico
1379 3238 1552 3299 censualiter
1565 3252 1671 3321 empta.

381 3500 399 3539 n
413 3472 475 3542 ln¹
493 3469 626 3542 Christi
643 3470 806 3555 nomine,
821 3470 986 3558 Eirveus,
1005 3467 1067 3569 qui
1086 3464 1268 3539 abbatiam
1280 3468 1395 3541 sancti
1407 3466 1562 3541 Cerauni
1575 3470 1725 3569 perlar-
1750 3492 1777 3537 n
1792 3491 1914 3541 mansos.

327 3593 505 3690 gitionem
520 3590 646 3665 domni
660 3590 801 3666 Odonis
816 3593 972 3692 episcopi
989 3606 1112 3666 tenere
1122 3593 1301 3667 videmur.
1316 3588 1459 3666 Notum
1469 3616 1544 3664 esse
1555 3590 1723 3667 volumus

329 3715 469 3787 cunctis
482 3712 747 3788 successoribus
765 3715 899 3787 nostris
915 3730 953 3787 et
968 3715 1119 3816 reliquis
1137 3714 1352 3789 Christianis
1364 3710 1549 3805 fidelibus,
1567 3712 1724 3817 qualiter

328 3834 470 3909 cuidam
484 3836 660 3911 canonico
674 3836 815 3945 Sanctae
829 3835 968 3926 Mariae,
987 3838 1136 3911 nomine
1149 3834 1327 3927 Ardrado,
1342 3852 1380 3913 et
1391 3836 1535 3913 duobus
1547 3834 1722 3911 fratribus

327 3960 400 4031 suis
419 3957 616 4032 Benedicto
633 3974 740 4059 atque
757 3956 1014 4058 ingeniando,
1033 3959 1215 4061 quandam
1232 3986 1352 4035 aream
1366 3958 1527 4037 duorum
1542 3958 1723 4034 molendi-

326 4106 461 4154 norum
487 4106 570 4151 cum
597 4080 682 4179 ipsis
708 4078 928 4153 molendinis
953 4080 999 4155 ab
1019 4081 1164 4159 Alcario
1186 4110 1254 4159 suo
1280 4082 1460 4158 avunculo
1484 4085 1721 4171 constructis,

325 4202 577 4277 consentiente
601 4202 744 4277 seniore
765 4220 894 4279 nostro
917 4202 1065 4292 Odone‚
1090 4232 1157 4306 per
1172 4230 1323 4279 manum
1344 4204 1488 4277 firmam
1509 4204 1724 4280 censualiter

325 4323 570 4400 concedimus.
589 4325 656 4398 Est
676 4341 798 4398 autem
820 4326 894 4425 ipsa
912 4351 994 4399 area
1016 4326 1057 4399 iu
1077 4352 1172 4428 pago
1195 4326 1416 4417 carnotino,
1440 4350 1548 4427 super
1568 4324 1723 4403 fluvium

325 4446 530 4536 Auduram,
548 4447 588 4521 in
611 4447 694 4523 loco
717 4448 780 4549 qui
804 4444 940 4521 dicitur
962 4449 1099 4539 Faliao,
1119 4474 1204 4523 cum
1221 4476 1298 4526 uno
1313 4476 1441 4525 manso
1457 4446 1502 4523 de
1518 4464 1634 4538 tenu,
1657 4452 1720 4551 qui

324 4574 488 4671 conjacet
497 4572 534 4643 in
546 4570 637 4644 valle
650 4571 764 4643 sancti
774 4569 929 4645 Carauui
941 4587 979 4644 et
992 4572 1031 4643 in
1043 4572 1115 4645 alio
1131 4572 1214 4649 loco
1224 4573 1288 4675 qui
1299 4568 1465 4645 dicitura
1481 4570 1719 4673 LupoVulto.

324 4694 426 4767 Hane
442 4695 564 4795 itaque
578 4718 718 4782 aream,
735 4718 821 4767 cum
836 4691 1056 4769 molendinis
1078 4708 1117 4770 et
1132 4692 1311 4796 predicto
1325 4718 1454 4769 manso
1470 4690 1515 4766 de
1532 4707 1648 4781 terra,
1672 4692 1721 4765 ita

365 4903 377 4929 ¹
398 4892 470 4953 lloec
481 4905 558 4952 carta
575 4891 655 4955 deest
668 4895 700 4953 in
716 4890 781 4953 cod.
797 4890 834 4955 B.

1547 4998 1570 5068 8
