4462 6120
419 725 464 795 ss
942 701 1287 796 uoussrsmuu

418 869 519 941 beata
536 867 709 941 dicentis:
726 866 906 938 Dimittite
927 883 962 938 et
977 867 1226 954 dimittemini,
1252 883 1287 938 et
1307 892 1545 967 quecumque
1552 867 1725 966 feceritis
1746 871 1812 941 uni

418 1016 466 1061 er
485 994 660 1079 minimis,
679 988 793 1062 michi
808 988 1014 1062 exibebitis.
1034 989 1151 1089 Super
1168 987 1349 1062 bisetium
1366 986 1514 1088 quidam
1531 989 1670 1088 sapiens
1686 988 1777 1061 dicit
1798 1019 1808 1061 ι

419 1112 635 1214 Redemptio
654 1114 790 1185 animer
805 1114 880 1185 oiri
881 1169 895 1202 ,
916 1113 1078 1214 propriae
1097 1113 1236 1186 divitiae
1253 1113 1333 1212 ejus
1338 1168 1352 1201 ,
1375 1128 1411 1184 et
1429 1109 1519 1183 illud
1535 1142 1544 1183 :
1558 1111 1657 1184 Date
1675 1112 1811 1186 elemo-
1885 1199 1888 1203 ¹
1939 1100 1942 1104 ¹

417 1239 555 1325 sinam,
575 1252 609 1307 et
626 1235 752 1308 omnia
768 1233 909 1307 munda
925 1252 1010 1307 sunt
1024 1234 1141 1307 uobis.
1163 1235 1212 1307 Et
1225 1233 1339 1309 multa
1357 1231 1412 1307 his
1424 1235 1555 1307 similia
1571 1235 1810 1308 inveniuntur

418 1358 456 1428 in
473 1355 591 1431 dando
605 1357 836 1432 elemosinam
850 1353 1147 1430 adhortationum
1161 1357 1363 1454 praecipua,
1377 1356 1421 1426 in
1439 1338 1572 1456 quibus
1589 1356 1743 1456 longum
1756 1373 1810 1430 est

417 1478 469 1550 ire
490 1503 556 1577 per
578 1477 730 1577 singula.
756 1475 905 1549 Talibus
931 1467 1109 1548 instructa
1132 1466 1423 1550 exortationibus
1445 1460 1718 1576 precedentium
1740 1504 1809 1577 pa-

417 1613 517 1671 trum
533 1625 610 1674 non
629 1596 866 1697 improbanda
883 1597 1029 1672 devotio
1046 1580 1174 1702 utpote
1195 1596 1259 1670 filii
1279 1596 1447 1672 aecclesiae
1462 1593 1585 1670 multis
1598 1580 1810 1698 prediorum

417 1720 566 1794 suorum
581 1718 756 1793 reditibus
772 1718 922 1792 eandem
943 1717 1161 1792 dotaverunt
1178 1717 1376 1792 aecclesiam
1397 1735 1436 1792 et
1458 1717 1571 1790 multa
1588 1719 1621 1792 ei
1639 1718 1810 1794 contule-

416 1856 505 1912 runt
521 1842 628 1913 variis
640 1839 909 1926 necessitatibus
924 1839 1130 1940 profutura,
1149 1839 1282 1941 quibus
1297 1867 1365 1940 per
1379 1838 1684 1941 quadripertitum
1699 1839 1808 1916 deco-

417 1977 519 2034 ratur
527 1960 656 2037 orbem
665 1977 702 2035 et
711 1987 835 2035 rerum
842 1963 1029 2062 opulentia
1037 1961 1222 2050 dilatatur,
1238 1960 1369 2062 gaudet
1379 1977 1416 2036 et
1427 1962 1576 2035 exultat.
1590 1963 1729 2037 Horum
1741 1988 1808 2062 ego

415 2085 621 2186 Eldegardis
645 2085 808 2186 exempla
833 2102 960 2159 secuta
976 2088 1150 2185 proposui
1175 2086 1212 2159 in
1228 2084 1344 2159 'corde
1369 2111 1452 2159 meo
1470 2085 1627 2187 qualiter
1648 2083 1692 2158 de
1710 2111 1810 2184 prse-

415 2208 560 2280 diorum
589 2208 756 2282 meorum
783 2206 1065 2307 possessionibus
1094 2207 1347 2282 hereditariam
1372 2207 1527 2283 facerem
1554 2221 1714 2280 sanctam
1743 2208 1808 2281 Dei

414 2330 611 2403 ecclesiam.
633 2329 791 2420 Verum,
815 2332 900 2433 quia
922 2331 1030 2404 beato
1052 2320 1161 2405 Petro
1186 2331 1351 2431 apostolo
1368 2330 1571 2432 specialiter
1591 2330 1735 2405 conlata
1756 2336 1810 2403 cs‘t

330 2502 333 2507 -
414 2469 571 2551 potestas
596 2451 757 2526 solvendi
782 2470 890 2555 atque
914 2453 1070 2555 ligandi,
1091 2454 1235 2529 nullum
1256 2455 1384 2529 melius
1401 2456 1523 2529 censui
1542 2453 1653 2528 michi
1677 2480 1810 2529 consu-

417 2572 562 2647 lendum
580 2588 617 2646 et
632 2600 701 2673 pro
717 2577 872 2674 peccatis
888 2577 977 2649 meis
993 2592 1081 2675 aput
1101 2603 1184 2651 eum
1203 2602 1314 2677 quem
1334 2591 1437 2651 tanto
1454 2575 1581 2650 dilexit
1596 2600 1719 2649 amore
1735 2577 1810 2649 mi·

415 2695 646 2769 sericorditer
662 2695 970 2772 intercedendum.
992 2698 1111 2798 Ergo,
1130 2715 1205 2770 tam
1225 2725 1294 2798 pro
1316 2698 1406 2773 meis
1429 2696 1642 2771 criminibus
1663 2698 1809 2771 veniam

416 2817 650 2918 impetrandis
663 2846 773 2919 quam
789 2847 857 2920 pro
875 2821 1026 2895 senioris
1041 2823 1111 2895 mei
1125 2821 1376 2911 VVeleranni,
1394 2837 1437 2894 ut
1451 2822 1613 2924 utrisque
1628 2822 1814 2897 Dominus·

418 2939 604 3041 indulgere
619 2942 791 3043 dignetur
806 2961 1038 3046 peccatorum
1053 2946 1324 3034 remissionem,
1343 2945 1595 3021 consentiente
1610 2943 1809 3018 Walterio

417 3065 550 3139 comite
579 3064 655 3139 filio
680 3092 788 3155 meo,
815 3067 903 3141 cedo
922 3068 967 3142 ad
992 3069 1112 3142 locum
1141 3071 1263 3155 Ssnctj
1285 3070 1383 3143 Petri
1408 3067 1639 3142 Carnotensis
1662 3065 1808 3141 alodum

411 3187 504 3283 juris
520 3187 610 3276 mci,
628 3213 739 3289 quem
756 3190 877 3264 senior
889 3215 990 3263 mens
1006 3216 1112 3290 supra
1130 3191 1356 3278 nominatus,
1375 3188 1575 3263 secundum
1590 3187 1708 3287 legem
1723 3185 1809 3259 sali·

332 3381 333 3385 ,
416 3333 495 3380 cam
520 3326 556 3382 et
581 3309 780 3383 secundum
803 3312 1104 3388 consuetudinem
1126 3339 1196 3413 qua
1218 3313 1286 3385 viri
1311 3312 1477 3412 proprias
1502 3335 1633 3384 uxores
1657 3309 1805 3400 domat,
1867 3395 1870 3398 .

415 3430 525 3503 michi
544 3434 581 3504 in
601 3433 787 3532 propriam
804 3436 998 3523 concessit,
1018 3438 1167 3508 nomine
1184 3434 1381 3536 Guntherii
1398 3432 1512 3520 Villa,
1534 3449 1570 3505 et
1582 3430 1809 3506 dedomina-

417 3553 517 3627 tione
534 3579 611 3629 mea
631 3554 667 3624 in
686 3552 973 3628 dominationem
990 3554 1256 3634 monachorum
1275 3552 1412 3633 ibidem
1428 3552 1664 3630 servientium
1680 3574 1809 3653 perpe-

418 3676 563 3750 tualiter
581 3675 795 3749 transfundo
813 3691 920 3778 atque
944 3676 1160 3751 transcribo.
1182 3678 1277 3750 Sunt
1294 3692 1415 3757 autem
1431 3675 1545 3748 mansi
1563 3699 1648 3764 vus,
1675 3672 1809 3747 habens

416 3799 662 3898 unusquisque
686 3796 884 3873 bonuarios
914 3824 977 3872 xx.
1007 3799 1044 3873 Si
1076 3800 1156 3899 quis
1183 3824 1271 3872 vero
1298 3813 1425 3877 contra
1456 3794 1547 3868 banc
1573 3794 1809 3873 donationem

414 3918 529 4018 (quod
542 3917 651 4015 absit)
662 3920 785 3994 venire
796 3936 856 3993 aut
868 3948 947 3996 eam
959 3921 1159 4023 infringere
1170 3921 1414 4020 temptaverit,
1427 3934 1490 3991 aut
1500 3917 1660 4017 aliquam
1672 3915 1809 3991 inferre

414 4041 650 4129 calumniam,
675 4043 739 4116 Dei
758 4044 1022 4144 omnipotentis
1048 4044 1339 4146 indignationem
1363 4037 1712 4140 inrecuperabiliter,
1738 4037 1810 4115 uisi
1907 4041 1911 4047 ’

412 4165 487 4238 cito
498 4166 704 4264 resipuerit,
717 4166 895 4255 offendat3
911 4184 949 4241 et
960 4168 1184 4242 aeternaliter
1195 4162 1433 4239 infernalibus
1446 4162 1661 4238 detrudatur
1674 4161 1809 4235 crucia·

413 4283 530 4371 tibus,
550 4283 612 4357 ubi
631 4285 776 4375 vermis,
791 4289 856 4389 qui
873 4315 1063 4391 nunquam
1078 4288 1250 4376 moritur,
1266 4311 1396 4362 eorum
1413 4282 1589 4377 conrodat
1606 4308 1752 4369 carnes,
1771 4296 1809 4355 et

413 4404 521 4510 iguis,
540 4408 603 4508 qui
621 4434 811 4515 nunquam
824 4411 1070 4511 extinguitur,
1089 4436 1217 4485 eorum
1234 4432 1375 4508 semper
1390 4421 1558 4507 pascatur
1572 4400 1806 4478 cruciatibus.

413 4526 465 4599 Ut
483 4544 604 4610 autem
620 4527 699 4603 brec
715 4527 864 4605 donatio
887 4531 1134 4608 inviolabilem
1154 4529 1318 4604 obtineat
1335 4527 1564 4615 firmitatem,
1583 4524 1711 4605 domni
1728 4523 1809 4597 llu-

412 4653 530 4751 gonis,
549 4653 774 4729 Francorum
787 4653 901 4743 ducis,
919 4672 956 4728 et
972 4654 1155 4731 nobilium
1172 4655 1339 4728 virorum
1355 4650 1424 4724 sibi
1444 4647 1683 4722 adsidentium
1696 4646 1809 4718 mani·

414 4774 482 4848 bus
497 4777 737 4854 corroborare
751 4803 957 4882 congruum
969 4777 1074 4868 duxi,
1095 4778 1329 4879 stipulatione
1347 4772 1514 4846 subnixa.
1531 4768 1664 4848 Actum
1680 4769 1807 4843 Pontis

416 4903 507 4973 lsera
519 4918 667 5013 castro,
688 4900 846 5002 publice.
870 4901 908 4976 S.
927 4892 1091 5004 Hugoni's
1107 4900 1221 4975 ducis.
1234 4901 1284 4993 .S·
1304 4895 1473 4979 Walterii
1491 4893 1648 4977 comitis.
1669 4921 1687 4965 u
1753 4963 1755 4967 ,
