4462 6120
728 698 765 768 s.
794 697 936 769 rursu
963 695 1302 769 cauuorsusis.
1401 658 1407 668 ’
1639 701 1711 768 ass

735 936 1085 1072 clrirutun
1119 982 1295 1068 xxiu.

802 1215 845 1272 lle
862 1215 987 1272 ecclesia
1005 1213 1130 1272 Puteosae
1146 1213 1229 1272 villae.

374 1479 390 1512 u
409 1450 450 1519 ln
468 1447 616 1520 nomine
635 1447 748 1518 Patris
766 1461 801 1518 et
817 1446 897 1516 Filii
918 1462 953 1518 et
969 1446 1126 1543 Spiritus
1143 1446 1286 1528 Sancti,
1307 1446 1368 1544 qui
1389 1447 1506 1516 trinus
1520 1462 1573 1518 est
1588 1472 1715 1544 perso·
1740 1470 1807 1514 anno
1821 1469 1892 1518 toas.

323 1569 454 1641 naliter
475 1584 512 1641 et
534 1594 627 1639 unus
644 1569 891 1642 essentialiter.
919 1571 1077 1649 Desertae¹
1097 1567 1313 1666 gentilitati,
1343 1567 1377 1638 id
1403 1583 1455 1640 est
1481 1568 1648 1642 aecclesiae
1669 1569 1714 1642 de

324 1690 493 1790 gentibus
515 1691 684 1777 collecte,
706 1716 769 1790 per
793 1691 891 1762 lsniae
914 1688 1089 1789 prophete
1106 1716 1253 1775 vocem,
1277 1690 1452 1762 Dominus
1473 1692 1713 1790 spiritualium

324 1815 503 1884 virtutum
530 1814 626 1886 dona
657 1814 897 1912 promittens,
935 1815 1031 1885 iuter
1056 1812 1238 1886 odorifera
1269 1812 1413 1884 arbusta
1443 1814 1581 1885 ulmum
1609 1831 1716 1916 atqrw,

324 1935 462 2007 buxum
479 1937 583 2034 posui
600 1952 608 1976 ¹
629 1936 752 2008 dicens
773 1967 781 2005 :
806 1938 949 2006 Ponam
966 1940 1004 2006 in
1019 1935 1160 2006 deserto
1178 1935 1349 2021 abietem,
1376 1936 1510 2006 ulmum
1527 1954 1562 2008 et
1577 1937 1716 2009 barrem

324 2059 435 2130 simul
443 2074 468 2130 ².
487 2060 594 2131 Nunc
607 2074 727 2130 autem
741 2055 858 2129 abiete
873 2059 909 2128 in
925 2056 990 2129 hac
1003 2058 1093 2129 serie
1106 2060 1369 2156 praeterrniss0,
1385 2085 1460 2156 quo
1471 2061 1584 2130 sancti
1602 2060 1717 2132 horni-

326 2206 388 2252 nes
404 2179 633 2280 panduntur,
657 2205 817 2280 quorum
836 2193 973 2252 mentes
993 2180 1071 2278 jugi
1090 2177 1324 2252 meditatione
1341 2195 1465 2254 sancto
1482 2179 1657 2253 desiderio
1674 2181 1716 2252 ad

326 2304 465 2375 celestia
483 2301 759 2400 contemplanda
777 2301 983 2388 elevantur,
1002 2328 1069 2375 nos
1087 2327 1234 2402 quoquc
1250 2300 1393 2400 fragiles
1411 2317 1448 2374 et
1465 2303 1561 2375 mole
1578 2304 1718 2403 iniqui-

328 2441 441 2495 tatum
466 2451 605 2523 pressos
629 2423 833 2496 minoribus
858 2423 966 2496 rebus
992 2423 1180 2496 informari
1208 2440 1377 2523 oportet,
1407 2440 1445 2495 ut
1465 2425 1520 2497 vel
1543 2426 1631 2497 ulmi
1657 2442 1719 2497 aut

326 2546 625 2645 significationem
644 2545 730 2618 buxi
746 2572 868 2646 gerere
882 2545 1080 2632 videamur,
1099 2561 1285 2644 torpentes
1300 2548 1338 2617 in
1352 2546 1459 2619 bonis
1472 2545 1663 2646 operibus,
1682 2564 1719 2620 et

327 2668 430 2767 hujus
447 2668 568 2741 caduci
587 2686 694 2768 atque
712 2669 854 2768 fugitivi
881 2669 989 2742 seculi
1019 2671 1232 2741 inservimus
1251 2667 1452 2743 bonoribus
1471 2700 1478 2739 :
1499 2670 1618 2742 ulmus
1635 2672 1720 2768 qui-

325 2789 406 2860 dem
425 2790 461 2858 in
480 2789 593 2860 altum
612 2791 762 2879 crescit,
783 2789 844 2860 sed
865 2790 1015 2861 minime
1033 2790 1153 2862 ferens
1169 2790 1352 2874 fructum,
1383 2817 1441 2862 eos
1464 2789 1719 2887 proculdubio

327 2910 503 3008 significat
515 2911 597 3008 qui,
614 2910 804 2981 mundanis
815 2907 923 2981 rebus
933 2909 1127 2982 admodum
1141 2913 1278 2982 inretiti
1292 2967 1301 2997 ,
1316 2913 1556 3009 spiritualium
1568 2939 1720 3012 operum

328 3032 450 3104 fructu
461 3049 547 3103 sunt
557 3035 673 3103 vacui.
689 3035 845 3119 Tamen,
862 3034 956 3103 sicut
969 3032 1088 3104 ulmus
1101 3060 1182 3131 sepe
1197 3035 1307 3105 vitem
1321 3060 1401 3104 cum
1416 3033 1533 3104 botris
1546 3017 1717 3119 sustinet,

329 3155 375 3224 ita
394 3171 429 3226 et
445 3170 611 3252 potentes
627 3154 731 3253 hujus
748 3154 855 3226 seculi
875 3179 995 3226 servos
1012 3155 1074 3225 Dei
1092 3180 1156 3251 per
1173 3154 1350 3226 aecclesias
1366 3153 1473 3253 longe
1497 3154 1636 3256 lateque
1653 3155 1721 3225 be-

329 3277 465 3347 neliciis
486 3277 618 3348 inclitis
639 3292 855 3348 sustentant.
882 3278 922 3347 ln
942 3302 1011 3376 qua
1028 3303 1067 3350 rc
1084 3276 1280 3373 spiritualia
1296 3301 1423 3349 eorum
1441 3304 1548 3375 opera
1567 3304 1628 3348 sua
1648 3303 1721 3349 csse

327 3398 488 3490 faciunt,
511 3415 650 3471 etcum
672 3400 777 3472 eisin
802 3398 928 3471 futuro
950 3399 1071 3473 seculo
1096 3416 1236 3472 aeterno
1258 3415 1540 3472 remunerantur
1561 3401 1715 3498 premio

328 3523 450 3592 Buxus
462 3520 637 3621 denique,
653 3521 765 3595 solam
778 3520 998 3594 viriditatem
1010 3522 1190 3607 retinens,
1207 3547 1267 3594 eos
1279 3520 1437 3593 ostendit
1451 3522 1513 3619 qui
1529 3546 1624 3594 verae
1638 3520 1718 3593 fidei

328 3643 587 3741 perfectionem
604 3642 811 3715 inmutilato
823 3658 910 3717 voto
925 3658 1081 3715 servant.
1096 3644 1158 3714 llis
1170 3642 1318 3741 prefatis
1331 3643 1456 3731 rebus,
1473 3668 1541 3743 ego
1555 3643 1720 3715 lsnardus

327 3765 371 3836 de
381 3767 542 3852 Pertico,
556 3764 676 3838 balteo
688 3765 835 3837 militari
850 3767 1051 3857 accinctus,
1067 3793 1124 3837 me
1136 3765 1328 3865 adjungere
1341 3767 1511 3864 cupiens,
1527 3790 1596 3864 pro
1608 3765 1721 3836 salute

329 3890 458 3962 animae
475 3916 564 3961 meae
583 3915 623 3960 ac
645 3890 745 3962 omni
764 3887 958 3963 dilectione
974 3888 1234 3987 amplectendae
1254 3890 1379 3960 matris
1398 3915 1486 3961 meae
1506 3885 1717 3972 Alberedae,

330 4010 380 4080 illi
399 4012 490 4080 cuia
510 4013 586 4083 Deo
599 4010 728 4082 collata
746 4027 799 4082 est
818 4010 950 4109 ligandi
967 4009 1202 4110 solvendique
1214 4025 1391 4108 potestas,
1410 4009 1721 4109 quique·coelestis

330 4135 430 4230 regni
457 4136 605 4230 januam
631 4131 795 4205 fidelibus
827 4134 943 4231 aperit
977 4149 1012 4204 et
1046 4125 1251 4204 infidelibus
1278 4130 1411 4203 claudit
1422 4185 1432 4217 ,
1462 4145 1586 4203 sancto
1612 4133 1720 4204 Petro

329 4253 495 4326 videlicet
509 4253 670 4329 coenobii
684 4257 934 4341 Carnotcusis,
955 4242 1048 4353 ipse,
1070 4257 1216 4354 inquam
1225 4308 1235 4340 ,
1254 4269 1291 4326 et
1303 4269 1417 4325 mater
1431 4279 1508 4324 mea
1522 4254 1720 4334 carissima,

330 4374 458 4447 libenti
469 4377 607 4462 auimo,
619 4376 758 4464 damus,
774 4377 810 4447 in
823 4377 966 4448 Pertico
974 4429 985 4463 ,
1001 4377 1196 4448 aecclesiam
1210 4376 1245 4447 in
1261 4375 1400 4447 honore
1407 4376 1518 4446 sancti
1530 4373 1719 4459 lobannis,

330 4499 432 4569 sitam
453 4499 489 4569 in
511 4498 591 4569 villa
613 4525 696 4598 quae
713 4499 758 4571 ab
778 4499 905 4572 incolis
922 4503 1072 4573 Puteosa
1086 4501 1281 4589 vocitatur,
1300 4525 1384 4570 cum
1403 4500 1496 4569 atrio
1510 4497 1718 4584 etdecima,

330 4620 571 4720 omnibusque
587 4619 762 4694 reditibus
780 4621 824 4694 ad
840 4649 906 4697 nos
925 4621 1204 4720 pertinentibus.
1226 4620 1464 4696 Concedimus
1480 4621 1588 4692 etiam
1607 4644 1719 4691 unum

374 4886 381 4909 ¹
403 4875 469 4954 leg.
482 4918 489 4946 ,
504 4856 613 4953 posuit.
813 4905 821 4922 ·
1095 4886 1105 4910 ²
1125 4874 1179 4933 lsa.
1197 4895 1266 4948 xci,
1289 4896 1334 4956 ¹9·

1528 4976 1572 5047 32
