4462 6120
554 1233 950 1360 TITULUS
1005 1229 1467 1358 AGANONIS

492 1687 547 1764 IN
580 1683 750 1761 LIBRO
782 1680 1081 1760 CARTARUM
1112 1681 1314 1759 SANCTI
1347 1683 1513 1760 PETRI
1534 1680 1558 1760 ¹.

379 2375 407 2444 l.
428 2373 522 2445 Orus
536 2369 640 2470 hujus
652 2366 764 2442 libelli
779 2394 822 2442 ex
836 2367 1035 2468 privilegiis
1049 2392 1131 2469 quae
1147 2368 1186 2438 in
1203 2370 1318 2440 nostri
1338 2367 1497 2444 coenobii
1512 2370 1618 2442 sacris
1632 2372 1724 2442 scri-

229 2507 233 2516 ‘
330 2496 400 2567 niis
413 2495 576 2568 invenire
587 2494 706 2593 potui,
725 2520 743 2564 a
758 2490 933 2564 fratribus
946 2491 1138 2590 saepissime
1151 2492 1343 2592 rogitatus,
1361 2518 1474 2595 usque
1488 2518 1587 2565 uunc
1600 2491 1723 2567 distuli

330 2643 394 2716 per
404 2617 570 2691 ordinem
583 2614 786 2716 colligendo
800 2613 916 2703 edere,
934 2640 1031 2702 cum,
1048 2630 1200 2714 propter
1214 2612 1441 2689 ebitudinem
1453 2629 1465 2658 ²
1479 2616 1550 2689 mei
1568 2616 1721 2717 ingenii,

329 2739 385 2812 vel
399 2741 639 2812 rusticitatem
657 2739 785 2811 inculti
804 2738 997 2825 sermonis,
1017 2736 1117 2839 quod
1134 2738 1246 2838 magis
1265 2764 1338 2811 esse
1355 2736 1462 2811 rebar
1475 2739 1563 2812 utile
1579 2738 1725 2814 silentio

329 2876 462 2962 tegere,
477 2889 603 2963 quam,
624 2862 782 2961 imperiti
797 2861 868 2933 stili
886 2861 1003 2936 officio
1017 2853 1229 2934 blaterando
1245 2862 1415 2950 innotis³,
1431 2865 1506 2962 ejus
1522 2860 1722 2937 nuditatem

327 2985 508 3086 detegere,
522 3002 602 3056 tum
613 3000 764 3084 propter
776 2981 1016 3055 invidentium
1027 2984 1145 3055 virosa
1159 2980 1357 3057 verborum
1367 2985 1504 3084 jacula,
1518 2987 1601 3088 qui,
1614 2985 1722 3062 solito

327 3135 447 3195 more,
464 3106 567 3180 laude
580 3105 687 3207 digna
701 3102 887 3178 bonorum
903 3103 994 3174 facta
1022 3104 1187 3177 virorum
1204 3131 1345 3204 semper
1367 3107 1601 3182 conrodendo
1621 3109 1723 3180 vitu-

328 3246 475 3332 perant,
493 3229 600 3331 idque
620 3229 710 3302 boni
734 3224 834 3329 quod
859 3227 897 3297 in
917 3252 976 3342 sua
999 3204 1218 3298 conscientia
1244 3253 1320 3301 uon
1341 3243 1559 3327 agnoscunt,
1581 3229 1618 3299 in
1644 3229 1721 3300 aliis

327 3355 415 3428 dum
438 3354 613 3442 viderint,
633 3352 830 3452 serpentini
845 3349 1021 3424 sermonis
1033 3347 1119 3422 fuco
1133 3348 1354 3423 obumbrare
1371 3349 1563 3439 festinant,
1585 3365 1627 3423 ut
1640 3375 1721 3426 rec-

327 3493 450 3551 torum
463 3476 669 3551 innocentia
682 3471 848 3546 laudibus
862 3473 1013 3546 minime
1030 3471 1226 3546 extollatur
1238 3469 1382 3545 debitis.
1402 3471 1526 3559 Unde,
1547 3474 1719 3572 patientia

326 3601 476 3688 comite,
495 3600 611 3671 virtus
627 3597 821 3698 probitatis
837 3622 954 3696 pressa
969 3596 1180 3698 iniquorum
1200 3596 1342 3684 sutelis,
1359 3596 1534 3696 opinione
1545 3594 1644 3697 vulgi
1661 3598 1720 3667 vi·-

325 3719 432 3794 detur
444 3725 562 3821 jacere
581 3721 620 3792 in
642 3720 743 3805 imis,
765 3720 878 3791 instar
898 3716 1100 3789 imbecillis.
1123 3717 1231 3789 Nunc
1244 3743 1345 3807 vero,
1361 3716 1526 3791 fraterno
1544 3717 1716 3819 imperio,

325 3870 402 3918 uon
419 3843 688 3943 praesumtionis
704 3840 915 3941 supercilio,
936 3838 1121 3940 privilegia
1142 3866 1224 3941 quae
1239 3840 1284 3912 ab
1303 3839 1472 3915 incendio
1487 3854 1622 3917 nostrae
1645 3866 1718 3913 aec-

326 3966 440 4038 clasiae
454 3981 731 4063 nostrarumque
740 3960 860 4036 edium
874 3987 950 4035 uon
962 3961 1037 4034 sine
1048 3961 1225 4061 periculo,
1235 3960 1491 4052 suntliberata‚
1503 3962 1718 4063 ignorantiae

324 4086 478 4159 stimulis
499 4100 605 4185 atque
631 4085 767 4157 caninis
792 4081 1091 4155 subsannantium
1115 4084 1324 4182 postpositis
1347 4083 1556 4172 latratibus,
1585 4085 1623 4157 in
1648 4081 1719 4162 boc

324 4207 518 4309 opusculo,
533 4206 684 4278 velutin
694 4232 807 4304 parvo
820 4202 964 4291 cibuto,
980 4200 1100 4277 stolidi
1114 4206 1291 4278 sermonis
1302 4204 1386 4277 stilo
1398 4204 1568 4306 colligere
1580 4205 1717 4293 studui,

324 4348 365 4402 ut
382 4329 426 4401 ab
442 4325 610 4401 incendio
633 4352 695 4400 seu
719 4325 796 4398 aliis
818 4326 982 4400 fortuitis
1001 4324 1140 4397 facilius
1158 4328 1268 4399 tutari
1287 4328 1426 4426 possint
1445 4327 1632 4428 periculis,
1650 4353 1717 4402 nec

368 4635 376 4660 ¹
391 4623 433 4682 ll.
450 4644 477 4682 e.
493 4647 501 4680 z
516 4623 662 4703 Prologus
677 4624 708 4682 in
721 4621 827 4683 librum
840 4624 889 4682 cui
901 4621 1004 4681 titulus
1079 4633 1089 4659 ²
1114 4624 1159 4683 lta
1173 4621 1258 4684 codd.
1277 4644 1329 4704 pro
1344 4622 1549 4683 letardum.

324 4721 440 4799 Agaue,
456 4719 486 4776 in
500 4718 595 4778 codiee
609 4718 773 4779 chartarum
785 4718 892 4779 Sancti
909 4719 1001 4780 Petri.
1079 4720 1090 4759 ³
1111 4720 1157 4783 Ita
1173 4722 1271 4797 codd„
1284 4735 1317 4782 ut
1329 4722 1414 4795 alibi,
1431 4743 1482 4803 pro
1496 4721 1611 4804 aprelis.

323 4815 440 4875 Summa
456 4817 560 4898 pagina
581 4818 718 4899 scriptum
739 4829 782 4876 est
795 4839 882 4876 mauu
901 4837 1006 4876 receu-

324 4914 395 4972 tioru
411 4936 419 4970 ε
436 4913 522 4972 Liber
536 4914 689 4994 Agauouis
703 4927 797 4974 uetus.
