4462 6120
609 510 812 633 romum
835 554 902 631 aa
922 531 1124 629 nsocnsn
1143 488 1218 627 sanx
1233 550 1495 629 maumas.

406 800 659 887 Jaramentum
675 795 778 913 quod
792 829 932 893 tenetur
932 813 1068 909 fucere
1083 814 1277 913 episscopus
1291 812 1330 882 in
1346 837 1415 885 sua
1428 813 1585 910 nouitate
1601 815 1707 915 apud

850 949 1028 1023 Sanctum
1044 950 1258 1021 Martinam.

301 1147 410 1220 Anno
427 1149 571 1220 Domini
590 1163 630 1219 n⁰
648 1162 700 1221 cc‘·
719 1160 814 1236 tx”¹⁰,
830 1147 887 1219 die
900 1144 1079 1218 dominica
1093 1161 1176 1218 ante
1187 1146 1315 1220 festum
1327 1144 1496 1244 Tyburcii
1514 1165 1550 1220 et
1566 1147 1745 1222 Valeriani
1763 1176 1866 1222 mar-

251 1303 386 1382 tyrum,
401 1310 484 1357 cum
498 1284 713 1358 reverendus
728 1301 830 1383 pater
843 1284 982 1372 Petrus,
998 1283 1062 1380 Dei
1076 1284 1203 1384 gratia,
1216 1284 1445 1359 Carnotensis
1457 1284 1654 1385 episcopus,
1664 1288 1761 1361 'esset
1772 1280 1866 1388 apud
1896 1336 1901 1348 ·

252 1425 423 1496 Sanctum
441 1423 641 1496 Martinum
664 1425 700 1495 in
719 1423 821 1496 Valle
840 1423 1070 1507 Cas-notensi,
1095 1437 1131 1495 et
1152 1419 1319 1509 deberet,
1339 1422 1430 1493 sicut
1450 1421 1561 1493 moris
1580 1439 1649 1512 est,
1675 1440 1866 1526 antequam

253 1561 474 1659 reciperetur
490 1534 533 1631 ad
552 1560 814 1657 processionem
831 1561 866 1632 in
881 1559 1025 1632 ecclesia
1039 1559 1268 1647 Canrotensi,
1284 1574 1442 1656 prestare
1452 1558 1697 1658 juramentum
1712 1560 1881 1659 capitulo·

253 1697 462 1769 Carnotensi
486 1694 529 1769 de
550 1694 865 1769 consuetudinibus
885 1694 1041 1796 ejusdem
1058 1696 1202 1770 ecclesie
1218 1694 1465 1783 observandis,
1487 1694 1581 1768 idem
1600 1698 1804 1795 episcopus,
1829 1699 1865 1769 in

255 1835 411 1935 capitulo
428 1834 545 1907 Sancti
569 1834 716 1906 Martini
736 1834 772 1906 in
789 1832 908 1924 Valle,
926 1831 1087 1932 publice,
1111 1833 1334 1931 presentibus
1357 1833 1497 1921 multis,
1520 1833 1654 1932 juravit
1672 1830 1770 1934 quod
1795 1836 1868 1932 ipse

255 1970 525 2044 consuetudines
542 1970 686 2044 ecclesie
704 1971 930 2044 carnotensis
949 1971 1124 2070 antiquas,
1144 1968 1391 2059 rationabiles,
1413 1987 1484 2042 tarn
1502 1971 1650 2070 scriptas
1666 1997 1775 2073 quam
1792 1998 1866 2045 non

254 2109 421 2208 scriptas,
441 2125 477 2180 et
491 2109 644 2180 maxime
662 2107 901 2206 privilegiatas
918 2106 1070 2180 fideliter
1086 2106 1302 2180 observaret.

732 2363 813 2436 Hec
830 2365 1020 2462 acquisivit
1039 2365 1168 2437 Petrus
1188 2369 1391 2464 episcopus.

306 2560 410 2660 Apud
424 2562 721 2651 Ermenovillam,
737 2586 829 2634 xvtn
844 2563 992 2635 sextaria
1007 2567 1115 2650 terre,
1125 2586 1194 2662 quc
1210 2561 1352 2634 tenebat
1364 2561 1410 2633 ab
1425 2563 1500 2660 ipso
1509 2563 1634 2635 Petrus
1647 2563 1691 2636 de
1704 2520 1866 2639 Camera.

306 2696 412 2795 Apud
429 2697 724 2770 Germeinvillam
742 2696 814 2770 duo
829 2715 978 2797 arpenta
999 2714 1108 2789 terte,
1126 2724 1195 2799 que
1210 2697 1424 2772 tenebantur
1436 2700 1481 2772 ab
1498 2724 1542 2774 eo
1559 2701 1596 2772 in
1613 2698 1770 2776 feodum.
1788 2678 1799 2787 s
1834 2686 1837 2691 .

307 2837 395 2906 ltcm
412 2833 555 2907 feodum
574 2833 617 2907 de
631 2831 799 2924 Buisseil,
823 2837 860 2908 in
879 2862 953 2936 quo
972 2853 1056 2909 sunt
1075 2861 1127 2908 vn
1152 2834 1365 2910 retroleoda.
1390 2837 1585 2909 Rachetum
1604 2839 1697 2911 valet
1714 2840 1808 2913 circa
1826 2866 1871 2921 ax

258 2971 385 3060 libras,
406 2971 551 3072 quando
567 2975 699 3047 evenit.

307 3109 414 3208 Apud
426 3110 641 3199 Carnotum,
659 3111 696 3182 in
708 3108 873 3183 domibus
890 3126 927 3181 et
944 3111 1074 3197 vineis,
1095 3136 1226 3184 xxxnn
1245 3111 1375 3185 solidos
1389 3115 1518 3187 minuti
1533 3141 1669 3204 census,
1686 3119 1748 3218 qui
1763 3138 1872 3192 voca-

258 3263 318 3321 tur
340 3247 477 3319 censiva
496 3246 659 3321 Ansoldi.
1362 3349 1366 3357 Ι

307 3383 413 3484 Apud
432 3386 595 3471 Lnisant,
612 3400 801 3484 arpentum
821 3400 857 3458 et
870 3382 1060 3457 dimidium
1075 3385 1167 3482 prati
1187 3400 1223 3455 et
1237 3410 1349 3457 utrum
1364 3387 1562 3459 vassallum.

307 3524 396 3594 ltem
414 3520 507 3620 apud
525 3521 841 3596 Mancbeinvillam
859 3524 880 3611 '',
901 3547 924 3593 x
941 3537 1088 3619 arpenta
1105 3537 1201 3594 terre
1216 3545 1388 3593 semeure.
1447 3591 1450 3599 ,
1749 3610 1753 3617 ¹

305 3663 396 3733 ltem
408 3657 502 3759 apud
519 3660 730 3747 Carnutum,
747 3657 926 3758 quandam
941 3659 1119 3732 censivam
1132 3657 1311 3729 valentem
1327 3682 1396 3729 txv
1409 3656 1553 3746 solidos,
1570 3660 1675 3733 sitam
1691 3662 1869 3753 Carnutis,

258 3825 364 3895 supra
387 3798 544 3870 clausum
564 3796 719 3894 episcopi
737 3812 773 3867 et
791 3792 884 3893 apud
903 3795 1072 3868 Sanctum
1093 3795 1300 3866 Raraunum
1314 3805 1340 3884 ¹,
1361 3820 1430 3896 que
1450 3794 1582 3869 dicitur
1598 3797 1736 3872 censiva
1760 3774 1873 3875 lscm-
1946 3774 1953 3788 Ἰ

259 3933 360 4006 bardi
377 3932 422 4006 de
438 3932 653 4006 Galardone.

309 4074 398 4143 ltem
426 4096 452 4142 n
484 4068 615 4142 solidos
638 4085 674 4140 et
701 4067 889 4142 dimidium
912 4096 1035 4144 census
1054 4071 1212 4170 contigui
1243 4072 1382 4144 ccnsive
1407 4073 1480 4144 oris
1504 4089 1693 4169 pratorum
1714 4075 1801 4147 emit
1827 4074 1873 4149 ab

261 4206 403 4279 Andrea
422 4207 562 4278 ‘l'ritan
1211 4185 1213 4188 Ι

307 4347 398 4418 ltem
421 4342 602 4445 quandam
627 4345 804 4417 censivam
833 4370 902 4444 que
931 4342 1062 4417 dicitur
1091 4343 1135 4417 de
1167 4346 1382 4433 levesvilla,
1409 4346 1587 4418 valentem
1617 4372 1706 4422 xuni
1743 4345 1872 4425 solidos

261 4456 300 4553 vi
319 4480 496 4555 denarios.

310 4623 399 4691 ltem
419 4616 513 4718 apud
531 4618 737 4691 Bercherias
750 4618 777 4707 ³,
797 4619 925 4689 multas
941 4617 1067 4691 domos
1085 4636 1121 4691 et
1138 4619 1269 4718 plateas
1286 4617 1329 4691 ad
1346 4619 1472 4693 domos
1491 4621 1722 4720 ampliandas.

308 4760 399 4830 ltem
412 4756 662 4831 molendinum
675 4755 921 4846 Vicedomini,
942 4757 1120 4830 valentem
1137 4781 1190 4829 xn
1208 4756 1330 4830 libras.

296 5018 303 5039 ¹
320 5010 542 5073 Mancbainville,
558 5028 697 5063 commune
712 5010 745 5063 de
760 5011 900 5074 Santeuil,
919 5021 1012 5063 canton
1025 5009 1172 5063 d'Auneau.

297 5098 305 5121 ’
319 5094 357 5148 Le
365 5095 421 5148 clos
430 5096 563 5164 l'Evequc
573 5097 587 5147 ai
597 5094 736 5164 Chartae,
745 5097 765 5149 il
774 5099 879 5152 aboutit
891 5115 935 5150 sur
944 5095 1329 5151 saint-Chiron!collusores.

296 5163 607 5250 'bercbdrssl‘blvtque
711 5236 715 5244 ,
