4426 6120
1005 715 1351 793 MONASTERIUM

946 1027 1295 1120 CAPITULUM
1328 1031 1408 1119 VI.

494 1262 566 1323 Item
578 1264 614 1324 de
629 1263 728 1325 eadem
744 1288 774 1326 re
789 1267 928 1348 scripturn
941 1267 1053 1328 Graulli
1068 1270 1194 1343 abbatis,
1211 1271 1242 1329 in
1258 1270 1432 1330 monasterio
1447 1268 1538 1328 sancti
1554 1267 1630 1328 Petri
1645 1264 1793 1325 monachis
1805 1263 1865 1342 jam

1123 1379 1233 1458 pontis.

531 1609 549 1647 a
565 1579 607 1650 ln
624 1575 756 1649 Christi
775 1578 940 1651 nomine.
962 1577 1151 1666 Graulsus,
1171 1580 1233 1680 qui
1249 1577 1433 1651 abbatiam
1452 1580 1574 1651 Sancti
1596 1578 1772 1663 Carauni,
1795 1599 1879 1676 quae

482 1717 535 1774 est
550 1702 588 1774 in
605 1698 783 1773 suburbio
800 1700 969 1774 Carnotis
983 1717 1106 1774 tenere
1122 1700 1300 1791 videmur,
1317 1717 1449 1777 notum
1466 1701 1719 1776 essevolumus
1737 1697 1880 1771 eunctis

480 1821 745 1896 successoribus
773 1824 909 1896 nostris
935 1840 973 1895 et
996 1823 1145 1925 reliquis
1166 1821 1298 1896 Christi
1324 1823 1490 1897 fidelibus
1498 1879 1509 1914 ,
1532 1823 1688 1925 qualiter
1709 1819 1881 1922 quasdam

481 1947 618 2033 vineas,
646 1944 910 2045 aRagenlredo
934 1947 1104 2046 episcopo
1129 1962 1165 2019 et
1192 1946 1307 2020 fratre
1331 1974 1396 2020 suo
1420 1947 1586 2020 Arduino
1607 1971 1753 2019 necnon
1777 1960 1813 2017 et
1834 1941 1881 2015 ab

479 2068 592 2145 Alveo
610 2066 738 2141 abbate
751 2068 942 2167 plantatas,
961 2085 998 2142 et
1013 2071 1237 2145 monasterio
1256 2071 1378 2143 Sancti
1399 2071 1511 2159 Petri,
1531 2067 1631 2170 quod
1643 2069 1755 2141 situm
1768 2082 1823 2140 est
1842 2065 1880 2139 in

481 2190 658 2264 suburbio
675 2191 887 2265 Carnotensi
903 2247 914 2282 ,
939 2190 1088 2266 donatas
1103 2209 1210 2296 atque
1223 2195 1390 2284 relictas,
1409 2190 1597 2266 monachis
1612 2188 1770 2290 ejusdem
1784 2188 1879 2277 loci,

482 2340 566 2386 cum
583 2340 761 2388 consensu
777 2312 939 2387 fidelium
957 2331 1089 2388 sanctae
1107 2316 1232 2389 Mariae
1250 2317 1528 2391 carnotensium
1546 2315 1671 2387 matris
1688 2311 1880 2397 aecclesiae,

481 2434 640 2509 libenter
649 2434 894 2510 concedimus.
905 2438 999 2510 Sunt
1011 2455 1132 2512 autem
1143 2440 1229 2538 ipsae
1239 2439 1354 2512 vineae
1367 2440 1404 2510 in
1420 2438 1538 2511 tribus
1547 2438 1637 2513 locis
1651 2436 1879 2512 constitutae:

483 2559 622 2630 clausus
641 2584 736 2631 unus
760 2557 928 2633 videlicet
944 2587 988 2634 ex
1010 2563 1108 2633 nndm
1122 2563 1306 2661 aripennis
1328 2578 1365 2635 et
1379 2560 1551 2649 dimidio,
1570 2563 1674 2660 juxta
1697 2571 1883 2631 monaste-

482 2681 580 2752 rium
598 2682 719 2754 Sancti
742 2682 917 2771 Cerauni,
943 2709 1055 2784 quem
1080 2684 1259 2757 dederunt
1283 2683 1532 2786 Ragenfredus
1557 2701 1593 2755 et
1611 2681 1815 2769 Arduinus,
1845 2694 1884 2755 et

484 2817 566 2875 11110‘
578 2805 769 2903 aripennes
787 2829 828 2877 ac
850 2803 931 2878 duae
948 2823 1067 2905 partes
1083 2808 1205 2907 quinti
1227 2808 1427 2906 aripennis,
1447 2833 1524 2881 non
1550 2807 1659 2906 longe
1677 2832 1696 2876 a
1714 2804 1802 2878 loco
1819 2802 1883 2902 qui

484 2924 686 3025 appellatur
702 2925 758 2999 Ad
774 2952 918 3000 crucem
934 2929 1056 3001 Sancti
1073 2928 1240 3002 Carauni.
1266 2931 1503 3003 Terminatur
1525 2946 1646 3002 autem
1664 2931 1742 3027 jam
1766 2924 1884 2998 dictus

485 3048 624 3121 clausus
632 3047 775 3125 duobus
784 3049 970 3140 lateribus,
981 3052 1055 3151 ipsa
1067 3068 1264 3151 potestate3
1278 3051 1416 3125 duabus
1427 3050 1703 3138 frontibus,viis
1712 3045 1881 3148 publicis.

487 3171 655 3265 Quatuor
679 3198 765 3249 vero
787 3174 979 3274 aripennes
1002 3197 1094 3274 quos
1116 3173 1216 3248 dedit
1232 3173 1365 3248 Alveus
1388 3175 1634 3248 terminantur
1652 3197 1728 3245 uno
1750 3169 1881 3259 latere,

488 3296 561 3395 ipsa
579 3312 693 3386 terra,
713 3297 829 3371 altero
853 3296 984 3386 latere,
1010 3312 1104 3370 terra
1126 3294 1285 3368 fratrum
1307 3297 1427 3370 Sancti
1446 3296 1619 3382 Carauni;
1640 3318 1711 3366 una
1735 3291 1883 3379 fronte,

485 3420 543 3490 via
556 3444 637 3518 quae
650 3418 805 3493 ducitad
818 3420 1021 3506 civitatem3
1037 3416 1148 3491 altera
1160 3444 1305 3518 quoque
1317 3417 1456 3507 fronte,
1473 3435 1568 3492 terra
1582 3416 1705 3490 Sancti
1718 3413 1881 3488 Martini.

486 3541 550 3615 Ille
574 3542 683 3615 etiam
698 3542 779 3615 duae
803 3558 923 3642 partes
947 3542 1055 3615 unius
1078 3541 1244 3640 aripenni
1269 3542 1514 3615 terminantur
1540 3566 1617 3614 uno
1639 3538 1768 3625 latere,
1789 3552 1886 3610 terra

488 3665 631 3737 Sanctae
648 3665 790 3754 Mariae3
806 3665 939 3754 altero,
953 3680 1130 3766 potestate
1140 3663 1297 3737 fratrum
1310 3667 1432 3738 Sancti
1450 3664 1603 3738 Carauni
1613 3693 1623 3752 3
1640 3660 1780 3734 duabus
1797 3683 1886 3734 vero

488 3785 690 3876 frontibus,
700 3788 767 3860 viis
779 3785 948 3887 publicis.
959 3789 1058 3861 lnfra
1071 3788 1133 3862 has
1147 3789 1267 3890 itaque
1281 3790 1568 3877 terminationes,
1584 3786 1752 3886 praefatas
1764 3784 1887 3856 vineas

489 3909 721 3986 concedimus
754 3912 1013 4010 perpetualiter
1039 3911 1228 3999 tenendas,
1251 3926 1293 3983 ut
1314 3911 1468 4011 desuper
1490 3911 1606 3985 securi
1641 3906 1830 3995 edificent,
1850 3919 1887 3978 et

490 4032 646 4107 habeant
662 4033 846 4107 licentiam
866 4033 1044 4108 vendendi
1065 4035 1122 4107 vel
1137 4032 1244 4107 dandi
1268 4062 1325 4109 eas
1344 4036 1547 4135 cuicunque
1569 4032 1766 4106 voluerint.
1788 4029 1888 4123 Qua-

491 4159 590 4231 tinus
602 4174 723 4230 autem
740 4157 874 4229 cartula
889 4154 966 4228 haec
980 4155 1122 4231 firmior
1135 4159 1195 4246 sit,
1205 4154 1373 4230 manibus
1385 4157 1544 4256 propriis
1556 4183 1633 4230 eam
1647 4153 1886 4243 firmavimus,

491 4298 529 4355 et
548 4281 731 4354 canonicis
752 4281 894 4352 Sanctae
913 4281 1037 4354 Mariae
1059 4297 1166 4382 atque
1193 4281 1314 4353 Sancti
1334 4280 1487 4353 Carauni
1512 4276 1758 4354 roborandam
1779 4272 1889 4347 obtu-

492 4405 614 4477 limus.
635 4402 769 4477 Actum
795 4403 963 4478 Garnotis
988 4402 1146 4503 publice.
1178 4405 1331 4505 Signum
1354 4402 1514 4492 Graulfi,
1541 4400 1695 4474 abbatis.
1724 4396 1887 4498 Sugerii,

491 4527 630 4603 decani.
658 4526 835 4615 Arduini,
857 4525 1061 4600 archiclavi.
1086 4527 1237 4616 Marini,
1263 4526 1470 4626 presbiteri.
1496 4524 1648 4609 Alcarii,
1679 4519 1886 4623 presbiteri.

494 4650 696 4740 Teoderiei,
715 4650 920 4751 presbiteri.
935 4649 1072 4750 Algeri,
1086 4648 1293 4750 presbiteri.
1308 4649 1481 4736 Josberti,
1497 4646 1703 4748 presbiteri.
1720 4642 1887 4729 Odberti,

493 4775 698 4873 presbiteri.
726 4772 897 4862 teobini,
922 4771 1128 4873 presbiteri.
1157 4771 1321 4861 Girardi,
1339 4771 1495 4847 diaconi.
1530 4767 1701 4856 Errardi,
1729 4764 1887 4839 diaconi.

494 4896 679 4987 Adelardi,
699 4898 856 4974 diaconi.
879 4927 896 4967 u
