4462 6120
994 705 1341 782 MONASTERIUM

867 1099 869 1103 ,
944 992 1295 1088 CAPITULUM
1327 997 1383 1086 V.

490 1232 531 1290 De
547 1231 697 1292 duodecim
713 1234 877 1315 agripennis
894 1234 1042 1294 vinearum
1059 1257 1075 1293 a
1090 1236 1245 1295 venerabili
1262 1234 1444 1317 Regenlredo
1458 1236 1578 1316 presule
1595 1237 1741 1297 canonicis
1756 1235 1841 1298 detis.

285 1477 312 1522 rs
322 1476 372 1535 jun.
385 1477 442 1524 otu
518 1456 542 1502 *
558 1485 576 1523 a
596 1455 637 1527 ln
653 1462 660 1490 ’
679 1456 830 1558 nomine
844 1472 976 1530 sanctae
990 1472 1026 1530 et
1043 1457 1238 1531 individuae
1257 1458 1465 1531 Trinitatis.
1482 1458 1532 1545 Si,
1552 1455 1762 1531 Conditoris
1778 1480 1864 1531 om·
1987 1528 1995 1539 ,

468 1576 570 1649 nium
583 1578 828 1667 institutione,
844 1579 887 1652 ad
901 1579 1066 1656 laborem
1081 1581 1191 1656 bomo
1206 1582 1380 1670 nascitur,
1398 1580 1434 1652 id
1447 1580 1576 1679 procul
1590 1577 1704 1654 dubio
1722 1576 1791 1651 sibi
1807 1594 1862 1653 cst

466 1697 725 1775 elaborandum
737 1726 879 1775 summo
893 1727 1003 1801 opere
1019 1702 1114 1776 unde
1127 1704 1314 1803 geminum
1328 1703 1442 1776 valcat
1454 1703 1592 1802 assequi
1606 1700 1860 1791 commodum

467 1822 515 1894 ita
539 1848 707 1925 quoque,
739 1822 909 1922 prudenti
941 1825 1103 1912 ratione,
1135 1826 1282 1926 utrique
1309 1824 1576 1899 rationabiliter
1603 1823 1721 1899 labori
1754 1821 1863 1899 debet

465 1944 693 2034 incombere,
712 1961 755 2018 ut
771 1972 838 2048 per
851 1973 889 2020 ea
911 1973 994 2047 quae
1012 1950 1161 2048 gesserit
1176 1947 1394 2037 laborando,
1413 1947 1648 2021 beatitudinis
1667 1970 1804 2022 nomen
1825 1961 1863 2020 et

463 2068 657 2167 praemium
674 2084 930 2170 consequatur,
946 2093 1020 2142 sese
1034 2071 1186 2143 interius
1203 2070 1437 2172 exteriusque
1448 2068 1641 2171 pascendo,
1656 2069 1791 2144 merito
1805 2067 1862 2142 di·

464 2205 566 2262 catur
584 2189 636 2262 illi
651 2189 740 2263 illud
758 2190 1014 2290 propheticum
1036 2223 1043 2263 :
1064 2192 1224 2266 Labores
1246 2219 1424 2266 munuum
1440 2212 1586 2266 tuarum
1601 2191 1858 2267 manducabis.

465 2314 604 2386 Beatus
620 2332 705 2386 eset
722 2314 810 2386 bene
820 2314 888 2386 tibi
899 2319 977 2387 erit.
994 2315 1056 2387 Set
1071 2331 1107 2389 et
1124 2317 1150 2386 si
1168 2316 1384 2416 proficiente
1402 2316 1541 2403 labore,
1555 2316 1713 2390 exterius
1723 2313 1861 2388 divitiae

465 2437 635 2526 affluunt,
651 2463 728 2512 non
741 2436 998 2537 apponendum
1012 2453 1065 2511 est
1082 2465 1145 2512 cor
1154 2493 1165 2528 ,
1180 2440 1356 2539 quoniam
1369 2440 1406 2511 in
1424 2437 1654 2540 adquirendis
1667 2436 1861 2509 mundanis

464 2559 572 2633 rebus
591 2559 749 2634 tollenda
767 2575 820 2633 est
839 2559 1047 2636 sollicitudo
1068 2576 1105 2634 et
1120 2560 1318 2635 adibendus
1334 2561 1450 2637 labor.
1473 2561 1543 2654 Qui
1564 2587 1651 2660 ergo
1672 2560 1862 2660 utriusque

465 2682 552 2758 boni
572 2709 676 2756 verris
691 2681 867 2756 desiderat
884 2710 956 2757 esse
972 2709 1153 2783 possessor
1166 2711 1243 2756 non
1258 2684 1445 2758 bonorum
1463 2682 1719 2782 temporalium
1736 2707 1859 2756 amore

463 2823 514 2880 est
540 2806 809 2907 astringendus,
838 2834 884 2880 ne
907 2834 984 2882 non
1009 2807 1180 2883 dominus
1202 2808 1280 2881 lieri
1300 2809 1480 2893 videatur,
1501 2824 1555 2881 set
1579 2833 1721 2895 servus5
1750 2805 1857 2908 qula,

465 2944 697 3003 terrenorum
711 2955 833 3005 amore
850 2932 1036 3019 astrictus,
1053 2958 1130 3006 non
1143 2930 1300 3030 possidet
1313 2947 1366 3004 set
1377 2929 1581 3030 possidetur
1588 2958 1599 3017 ;
1621 2955 1738 3030 neque
1751 2930 1861 3004 etiam

462 3079 543 3153 quae
562 3052 810 3153 temporaliter
822 3052 1046 3154 adquirimus
1065 3055 1164 3125 carni
1184 3070 1336 3143 nostra,
1358 3070 1411 3127 set
1430 3054 1553 3152 potius
1574 3054 1704 3125 animae
1724 3068 1858 3127 nostroe

460 3172 544 3247 dare
560 3173 767 3265 debemus¹‚
788 3202 892 3264 curn,
912 3178 1005 3249 siout
1022 3179 1198 3277 scriptum
1218 3193 1271 3249 est
1280 3231 1291 3266 ,
1314 3177 1514 3277 redemptio
1528 3178 1665 3247 animat
1681 3177 1754 3247 oiri
1768 3173 1859 3249 sub-

462 3300 599 3373 stantia
618 3315 670 3371 est
689 3301 783 3400 ejus.
803 3301 958 3398 Hujusce
979 3299 1078 3374 modi
1103 3301 1218 3399 igitur
1238 3315 1346 3400 atque
1364 3300 1442 3371 aliis
1458 3315 1663 3371 sanctarum
1686 3298 1856 3399 Scriptu-

460 3447 583 3493 rarum
597 3421 823 3494 documentis
841 3423 1057 3508 instructus,
1078 3448 1119 3493 ac
1140 3424 1286 3522 superni
1303 3423 1438 3494 amoris
1460 3422 1543 3520 igne
1566 3447 1775 3512 succensus,
1789 3444 1858 3520 ego

459 3543 717 3644 Ragenfredus‚
734 3559 866 3616 sanctae
879 3545 1003 3617 Mariae
1017 3546 1142 3617 matris
1156 3545 1325 3618 aecclesiae
1338 3543 1486 3617 humilis
1501 3545 1689 3644 episcopus
1697 3597 1708 3632 ,
1724 3559 1857 3618 notum

459 3692 533 3740 esse
550 3665 717 3740 volumus
729 3668 869 3740 cunctis
882 3684 1015 3742 sanctae
1030 3669 1096 3741 Dei
1113 3669 1298 3741 AEcclesiae
1316 3666 1483 3741 fidelibus
1496 3664 1736 3768 praesentibus
1749 3679 1857 3767 atque

459 3791 640 3878 venturis,
656 3792 791 3863 nostris
803 3816 950 3894 quoque
965 3792 1249 3878 successoribus,
1265 3791 1423 3893 qualiter
1433 3788 1614 3892 quendam
1624 3789 1741 3862 vineae
1756 3787 1860 3863 clau-

459 3938 558 3998 sum,
574 3915 726 4012 proprio
740 3931 889 4014 sumptu
903 3929 939 3988 et
952 3914 1077 3989 labore
1087 3942 1105 3986 a
1117 3914 1224 3990 nobis
1241 3914 1446 4015 plantatum
1461 3930 1570 4015 atque
1588 3913 1855 4002 constructum,

458 4059 527 4134 pro
542 4034 702 4110 remedio
719 4037 850 4110 animae
867 4054 1024 4126 nostrae,
1049 4063 1111 4110 seu
1135 4036 1365 4112 absolutione
1390 4051 1584 4135 parentum
1608 4050 1857 4109 nostrorumst

457 4159 611 4258 peccatis
634 4174 721 4259 aput
748 4162 867 4234 Deum
889 4158 1108 4249 obtinenda,
1136 4160 1320 4236 canonicis
1345 4159 1556 4232 monasterii
1583 4157 1703 4229 Sancti
1732 4155 1829 4231 Petri
1842 4171 1854 4246 3

457 4280 557 4381 quod
582 4283 693 4354 situm
727 4299 779 4356 est
807 4284 845 4355 in
871 4283 1050 4358 suburbio
1076 4283 1285 4359 Carnotinae
1314 4282 1488 4371 civitatis,
1520 4307 1588 4353 usu
1620 4276 1859 4379 stipendiario

456 4406 715 4505 perpetualiter
726 4403 932 4478 babendum
944 4406 1118 4479 tradimus
1125 4432 1165 4479 ac
1175 4404 1368 4481 donamus.¹
1383 4404 1437 4478 Ad
1449 4401 1737 4478 confirmandam
1746 4401 1856 4476 etiam

457 4528 558 4601 istius
573 4527 779 4605 donationis
798 4555 961 4621 causam,
976 4529 1128 4630 dignum
1145 4529 1336 4618 duximus,
1352 4555 1396 4603 ex
1412 4527 1585 4628 praedicta
1598 4527 1703 4600 vinea
1719 4541 1856 4602 aarum

499 4777 506 4802 ¹
524 4765 627 4825 Charta
642 4769 767 4826 maxima
782 4768 826 4826 sui
841 4780 923 4849 parte
939 4768 1055 4850 vulgata
1072 4771 1102 4829 in
1123 4770 1207 4831 Gatt.
1227 4769 1351 4843 Christ,
1369 4783 1391 4829 t.
1408 4764 1684 4842 V111,inur.‚col.
1702 4762 1775 4848 289.

498 4883 508 4908 ¹
525 4873 586 4946 Ita,
604 4873 654 4934 sed
670 4888 769 4955 postea
783 4888 946 4936 correctum
963 4876 1113 4938 habemur.
