4462 6120
189 696 236 767 to
708 683 1056 763 MONASTERIUM

187 839 414 912 efficientiam
434 836 658 938 perduxisse,
679 833 748 904 nisi
770 856 853 933 quae
869 828 1040 903 omnibus
1057 845 1156 903 notae
1177 843 1280 914 sunt,
1300 826 1497 901 officientes
1513 822 1583 898 sibi

188 965 412 1033 emersissent
426 984 553 1031 causae.
574 959 715 1029 Interea
730 969 772 1025 ut
785 951 863 1026 haec
876 949 1146 1025 deliberationis
1163 950 1331 1026 voluntas
1347 947 1520 1023 omnibus
1538 972 1583 1023 ex

187 1096 290 1180 parte
306 1096 394 1154 nota
410 1079 513 1153 fieret
521 1132 533 1168 ,
549 1076 648 1152 dedit
663 1074 706 1148 ad
724 1074 879 1150 eundem
895 1072 1019 1147 locum
1035 1089 1170 1145 terram
1186 1071 1365 1145 vinealem
1382 1098 1429 1143 xx
1445 1067 1584 1145 solido·

186 1228 288 1289 rum,
306 1228 390 1303 quoe
408 1218 461 1274 est
480 1200 645 1301 proxima
663 1198 799 1270 civitati
815 1195 1045 1282 carnotinae,
1064 1195 1169 1267 sitam
1187 1193 1230 1266 ad
1248 1193 1583 1293 septemtrionalem

186 1322 343 1423 plagam,
360 1326 462 1423 juxta
473 1322 659 1422 brogilum
671 1317 921 1418 episcopalem.
939 1316 1186 1405 Terminatur,
1202 1344 1246 1390 ex
1259 1343 1331 1388 una
1345 1330 1466 1415 parte,
1486 1332 1582 1389 terra

185 1442 230 1518 de
252 1443 376 1519 cadem
398 1460 593 1543 potestate;
623 1442 733 1516 altera
753 1455 876 1539 parte,
905 1454 1000 1511 terra
1026 1439 1306 1526 canonicorum
1326 1438 1437 1511 tercia
1458 1455 1580 1537 parte,

52 1606 58 1611 ·
187 1583 281 1638 terra
296 1567 415 1638 Sancti
433 1565 616 1652 Mauricii;
631 1579 760 1665 quarta
775 1588 863 1636 vero
882 1577 1002 1660 purte,
1021 1576 1136 1635 terra¹
1155 1562 1211 1633 via
1226 1560 1372 1660 publica
1383 1588 1467 1662 quae
1481 1560 1583 1633 ducit

187 1688 229 1760 ad
246 1689 440 1761 civitatem.
460 1688 567 1761 Dedit
581 1687 690 1760 etiam
705 1683 886 1785 quandam
909 1682 1071 1757 villulam
1088 1709 1133 1758 ex
1152 1700 1234 1759 toto
1252 1684 1358 1757 sitam
1385 1685 1425 1755 in
1447 1683 1579 1777 Batia,

187 1811 335 1883 nomine
357 1810 639 1882 Plascentiacum
654 1806 846 1895 Villarem,
873 1823 914 1878 ut
930 1806 1031 1879 omni
1054 1823 1218 1906 tempore
1240 1823 1439 1907 utrumque
1464 1808 1583 1906 possi-

186 1930 312 2004 deant:
329 1948 472 2005 tantum
487 1948 530 2002 ut
544 1931 653 2031 ipsius
666 1928 880 2003 memoriam
897 1927 1053 2002 habeant
1070 1928 1110 2000 in
1126 1929 1196 2000 suis
1213 1930 1321 2002 sacris
1336 1927 1579 2003 orationibus.

186 2054 221 2125 Si
240 2055 321 2153 quis
337 2070 457 2127 autem
472 2052 564 2124 hanc
584 2051 819 2126 donationem
837 2051 978 2123 irritam
995 2049 1112 2125 facere
1126 2050 1284 2126 voluerit
1297 2067 1359 2122 aut
1376 2049 1579 2141 adnullare,

186 2192 358 2275 perpetua
382 2175 766 2251 excommunicationis
786 2171 1003 2248 detrimenta
1022 2191 1094 2246 tam
1111 2173 1156 2246 ab
1176 2174 1254 2274 ipso
1273 2200 1383 2274 quam
1400 2173 1446 2246 ab
1462 2178 1583 2276 coepi·

185 2299 301 2396 scopis
317 2299 426 2398 ipsius
442 2299 623 2386 incurrat,
643 2298 795 2370 sociatus
814 2294 960 2370 diabolo
976 2313 1013 2369 et
1029 2295 1164 2397 angelis
1175 2299 1268 2395 ejus,
1289 2313 1326 2369 et
1344 2322 1429 2369 cum
1447 2295 1502 2369 his
1517 2301 1581 2399 qui

185 2419 352 2495 mittendi
366 2436 452 2493 sunt
467 2421 504 2491 in
521 2435 688 2519 stagnum
704 2419 797 2519 ignis
811 2419 956 2505 aeterni,
969 2418 1031 2490 ubi
1041 2420 1173 2493 vermis
1182 2444 1260 2492 non
1271 2420 1431 2495 moritur
1441 2435 1479 2493 et
1489 2422 1582 2521 ignis

186 2556 262 2615 non
278 2542 517 2641 extinguitur.
533 2541 590 2614 Sit
604 2541 699 2614 illius
716 2538 873 2639 perditio
890 2566 975 2613 cum
990 2540 1080 2613 Juda
1096 2539 1286 2642 proditore
1292 2571 1303 2631 ς
1317 2543 1449 2615 sentiat
1463 2542 1584 2644 damp-

186 2662 371 2738 nationem
388 2690 471 2737 cum
487 2661 628 2736 Dathan
644 2678 680 2735 et
696 2662 841 2736 Abiron
860 2688 952 2763 quos
969 2664 1130 2737 viventes
1149 2680 1246 2737 terra
1265 2662 1457 2740 obsorbuit
1463 2693 1474 2754 3
1495 2692 1585 2767 per-

186 2801 323 2859 severet
350 2810 457 2884 super
487 2812 570 2858 eum
599 2784 660 2858 illa
690 2783 907 2884 perpetualis
936 2784 1069 2859 divinae
1099 2786 1251 2862 ultionis
1279 2785 1481 2887 indignatio
1510 2814 1584 2889 qua

186 2904 480 3005 dampnabuntur
504 2906 556 2978 illi
579 2906 712 3007 quibus
735 2906 876 2980 dicetur
899 2906 1122 3006 injudicio:
1145 2909 1352 2998 Discedite,
1371 2910 1581 3005 maledicti,

188 3030 363 3128 inignem
379 3046 552 3103 aeternum
565 3032 631 3130 qui
638 3046 799 3132 paratus
816 3047 870 3105 est
886 3030 1038 3105 diabolo
1056 3049 1090 3104 et
1106 3033 1250 3134 angelis
1263 3036 1357 3134 ejus.
1383 3033 1512 3109 Amen.
1531 3034 1585 3111 Ut

186 3167 307 3223 autem
326 3148 404 3225 haec
424 3149 574 3227 donatio
590 3169 804 3252 perpetuam
825 3169 862 3226 et
885 3153 1135 3228 inconvulsam
1160 3154 1324 3230 obtineat
1348 3156 1580 3250 firmitatem,

188 3288 260 3343 tam
277 3300 387 3345 manu
405 3272 532 3347 domni
549 3273 728 3377 episcopi,
748 3301 858 3376 quam
876 3278 988 3350 totius
1012 3278 1182 3350 aecclesiae
1207 3277 1331 3351 subter
1348 3280 1514 3355 roborari
1537 3307 1584 3355 ex

186 3395 308 3469 animo
322 3395 474 3495 dignum
484 3397 604 3469 visum
616 3412 683 3469 est.
701 3394 796 3486 odo,
810 3396 1044 3471 Caruotensis
1061 3400 1231 3474 aecclesiae
1245 3403 1392 3500 praesul,
1408 3402 1580 3479 firmavit.

186 3518 398 3616 Suggerius,
426 3520 594 3592 decanus.
622 3517 760 3609 Salico,
784 3519 1023 3620 ypodecanus.
1049 3523 1265 3624 suggerius,
1285 3524 1453 3625 claviger.
1474 3528 1584 3599 lam-

187 3639 331 3728 bertus,
357 3638 643 3716 archidiaconus.
668 3642 865 3734 llodulfus,
883 3662 1105 3745 praecentor.
1126 3646 1273 3737 VVido,
1294 3647 1580 3727 archidiaconus.

187 3761 362 3852 Alcarius,
378 3765 606 3862 praepositus.
620 3766 723 3856 Atto,
739 3768 967 3868 praepositus.
980 3769 1197 3859 Bernardus,
1212 3773 1441 3872 praepositus.
1457 3774 1585 3847 Erem-

186 3881 330 3972 bertus,
353 3884 638 3961 archidiaconus.
664 3886 879 3978 Hilduinus,
898 3888 1123 3965 subedituus.
1148 3892 1361 3982 VVaracco,
1389 3895 1582 3996 presbiter.

188 4003 386 4094 Ardradus,
406 4005 595 4105 presbiter.
614 4006 819 4100 Ebroinus,
838 4011 1029 4111 presbiter.
1050 4015 1145 4086 isaac
1155 4068 1166 4102 ,
1182 4015 1374 4114 presbiter.
1393 4016 1582 4109 VVcnilo,

187 4124 378 4225 presbiter.
390 4127 624 4218 Ilumbertus,
639 4131 1063 4224 levita.VVinemandus,
1077 4135 1198 4209 levita.
1207 4136 1447 4238 Hildegarius,
1461 4138 1582 4215 levita.

188 4248 359 4336 Eirveus,
385 4247 505 4322 levita.
528 4251 729 4342 lohannes,
750 4254 869 4329 levita.
891 4254 1038 4345 Teudo,
1058 4257 1179 4331 levita.
1200 4257 1443 4349 Gauzbertus,
1464 4262 1583 4337 miles.

189 4368 386 4444 Fulcarius.
416 4370 620 4445 Romaldus.
653 4373 845 4449 Ucbertus.
878 4378 997 4478 Ilugo.
1029 4377 1210 4454 Albertus.
1246 4381 1342 4457 Salo.
1376 4382 1582 4461 Gilduinus.
1623 4442 1627 4449 -

190 4492 417 4582 Grimvinus,
438 4492 609 4597 indignus
619 4497 794 4590 sacerdos,
806 4501 962 4600 scripsit.
980 4504 1070 4575 Data
1085 4504 1193 4578 nonis
1205 4502 1380 4580 februarii
1390 4526 1516 4598 ,anno
1534 4534 1585 4583 xx

189 4612 359 4689 llLotarii
379 4615 472 4716 regis
485 4631 511 4688 ⁸.
527 4644 545 4685 u

234 4796 242 4821 ¹
259 4783 477 4869 Expungcnda,
494 4800 525 4848 ut
540 4789 671 4866 videtur,
686 4812 744 4853 vox
756 4790 855 4857 terra.

235 4896 248 4927 ⁸
266 4888 377 4955 Publici
392 4892 464 4971 iuris
480 4895 552 4956 lacta
567 4910 611 4958 est
624 4898 723 4960 charta
735 4903 767 4961 in
782 4888 866 4964 Gau.
880 4903 1003 4977 Christ,
1015 4916 1038 4966 t.
1052 4902 1130 4967 vlll
1138 4951 1146 4980 ,
1162 4906 1261 4983 instr„
1276 4906 1330 4968 col.
1349 4924 1419 4990 292.
