4462 6120
368 747 440 816 aaa
889 715 1233 816 uounsrmtun

821 1021 1188 1111 CAPITULUM
1222 1022 1302 1111 VI.
1418 1033 1421 1039 ’

898 1245 942 1304 De
955 1243 1044 1304 tutela
1058 1244 1226 1326 Argentelae.

419 1450 496 1519 «ln
518 1448 668 1522 nomine
685 1461 817 1519 sanctae
834 1462 871 1519 et
891 1444 1086 1519 individuae
1105 1443 1310 1519 Trinitatis.
1331 1443 1471 1519 Notum
1486 1447 1762 1542 essevolumus,

368 1596 434 1670 ego
448 1568 682 1662 Eustachius,
696 1570 817 1641 divina
831 1569 1075 1658 ordinatione,
1091 1567 1212 1658 abbas,
1227 1567 1419 1667 omnisque
1430 1568 1544 1641 sandi
1558 1568 1655 1643 Petri
1672 1596 1763 1644 con-

367 1695 528 1794 gregatio
545 1691 826 1785 monachorum,
848 1719 955 1791 super
974 1690 1128 1793 quadam
1148 1691 1260 1763 tutela
1278 1716 1387 1792 quam
1411 1688 1619 1766 Rodbertus
1635 1718 1765 1793 porca-

367 1818 443 1890 rius
461 1817 504 1890 de
524 1815 642 1889 Curba
663 1815 755 1891 Villa
776 1813 918 1889 dicebat
940 1816 979 1887 in
1001 1830 1096 1888 terra
1114 1841 1197 1914 quae
1216 1828 1370 1887 vocatur
1390 1813 1584 1914 Argentela
1603 1810 1758 1904 habam

367 1965 436 2038 pro
457 1965 528 2038 qua
550 1964 627 2012 non
647 1936 832 2011 modicum
848 1934 956 2011 nobis
971 1934 1233 2009 detrimentum
1252 1934 1400 2028 intulit,
1426 1935 1574 2035 insuper
1591 1950 1628 2009 et
1643 1932 1766 2046 homi-

368 2058 502 2132 cidium
515 2076 723 2159 perpetrare
735 2085 810 2133 non
827 2059 964 2131 timuit.
981 2058 1144 2132 Tandem
1157 2057 1200 2131 ad
1215 2057 1307 2131 hanc
1321 2057 1553 2134 concordiam
1564 2059 1764 2147 venientes,

367 2179 529 2253 dedimus
545 2182 576 2254 ei
599 2181 863 2282 quinquaginta
879 2179 1011 2255 solidos
1030 2205 1267 2254 nummorum
1284 2194 1393 2281 atque
1412 2177 1483 2255 loci
1502 2177 1608 2279 hujus
1624 2177 1768 2254 henefi-

369 2301 484 2391 cium,
511 2319 552 2374 ut
578 2316 711 2375 terram
733 2328 843 2402 quam
869 2299 1023 2374 habebat
1046 2302 1193 2402 insuper
1218 2317 1417 2376 memorata
1442 2301 1655 2408 Argentela,
1681 2327 1765 2374 cum

368 2424 480 2496 tutela
497 2450 606 2524 quam
622 2421 815 2514 clamabat,
837 2439 961 2499 sancto
978 2424 1087 2498 Petro
1104 2424 1307 2498 dimitteret
1313 2452 1325 2510 ς
1344 2421 1444 2526 quod
1463 2422 1620 2497 libenter
1637 2447 1769 2498 conce·

368 2543 456 2617 dens
472 2544 577 2637 fecit,
594 2547 804 2648 donumque
821 2571 928 2645 super
940 2546 1050 2619 altare
1066 2545 1161 2619 beati
1180 2545 1334 2646 apostoli
1351 2547 1448 2619 Petri
1467 2547 1608 2645 posuit,
1627 2560 1764 2618 astante

367 2659 630 2743 monachorum
656 2693 764 2768 grege
787 2665 965 2768 turbaque
984 2665 1206 2740 famulorum
1231 2693 1391 2765 quorum
1414 2667 1563 2740 nomina
1589 2665 1766 2739 memorie

368 2789 537 2862 mandare
549 2791 753 2861 curavimus
767 2818 776 2859 ε
790 2786 991 2884 Stephanus
1000 2802 1037 2858 et
1047 2787 1234 2877 Salomon,
1244 2785 1374 2860 fratres
1382 2815 1393 2876 3
1408 2786 1577 2886 Girogius
1591 2784 1744 2859 clericus
1751 2811 1762 2874 ;

370 2906 498 2983 Taudo
516 2927 552 2983 et
570 2908 741 2983 Gauduus
751 2961 761 2994 ,
780 2906 929 2994 fratres,
946 2906 1155 3004 Oydelerius
1168 2923 1204 2979 et
1216 2906 1444 2996 Rodbertus,
1459 2906 1606 2994 fratres3
1621 2905 1765 2980 Adven-

370 3031 442 3102 tius
470 3045 506 3103 et
534 3030 715 3117 Lorinus,
748 3027 898 3116 fratres,
929 3028 1144 3099 Laurentius
1176 3025 1445 3116 cubicularius;
1477 3027 1702 3128 lugalbertus
1729 3043 1767 3100 et

371 3151 601 3241 Gausfridus,
620 3151 716 3238 coci;
738 3146 959 3223 Gislcbertus
975 3172 1079 3247 puer,
1097 3145 1338 3238 Fulclrandus3
1358 3147 1541 3221 Hildulfus
1554 3163 1592 3222 et
1608 3148 1768 3222 Gausfri·

371 3273 457 3364 dus,
475 3272 616 3347 fratres.
636 3273 691 3346 Ex
705 3288 807 3374 parte
821 3268 996 3343 liodberti
1014 3300 1022 3340 ε
1040 3269 1264 3343 Mainfredus
1278 3272 1502 3370 prepositus,
1526 3268 1716 3343 llicherius'
1731 3285 1768 3344 et

371 3395 575 3471 Gauslinus.
603 3395 735 3467 Actum
765 3391 914 3467 esthon
941 3393 1109 3466 Carnotis
1135 3390 1305 3490 publice,
1336 3393 1374 3465 in
1406 3394 1629 3468 monasterio
1655 3395 1767 3464 sancti

372 3519 468 3592 Petri
482 3535 564 3592 ante
576 3517 686 3592 altare
694 3570 705 3606 ‚
724 3531 899 3617 regnante
916 3511 1085 3620 Philippo
1101 3539 1199 3615 rega.
1218 3515 1349 3588 Paulus
1365 3513 1507 3589 edituus
1523 3515 1679 3614 scripsit.
1699 3544 1717 3582 s

817 3748 1185 3839 CAPITULUM
1219 3751 1325 3840 VII.

899 3949 944 4012 De
960 3947 1066 4008 domno
1080 3948 1238 4009 Germano.

427 4155 620 4230 «Domino
639 4168 766 4228 nostro
782 4151 888 4227 lhesu
905 4150 1070 4248 Christo,
1088 4154 1257 4228 omnium
1274 4179 1401 4228 rerum
1417 4153 1621 4245 conditore,
1641 4155 1771 4255 propi-

377 4276 506 4351 ciante.
535 4277 615 4378 Ego
638 4276 847 4351 Willelmus
872 4275 916 4349 de
937 4275 1143 4366 sumbone,
1162 4278 1304 4350 militiae
1329 4279 1439 4350 armis
1462 4278 1665 4367 accinctus,
1693 4293 1771 4350 ter-

377 4425 546 4472 renarum
576 4424 699 4472 rerum
728 4398 1047 4501 locupletisumus,
1079 4416 1185 4502 atque
1213 4399 1368 4475 Diabolo
1401 4401 1620 4501 instigante,
1654 4397 1773 4470 malo-

378 4548 460 4594 rum
477 4537 623 4604 actuum
640 4519 794 4594 cassibus
819 4522 1004 4598 involutus
1011 4552 1021 4612 3
1047 4549 1134 4628 ego,
1159 4524 1328 4624 inquam,
1355 4526 1526 4600 omnibus
1549 4540 1681 4609 sanetae
1703 4522 1771 4596 Ilei

381 4642 548 4716 aecclesiae
567 4641 733 4715 fidelibus
742 4696 752 4732 ,
773 4659 846 4716 tam
862 4645 1102 4744 praesentibus
1119 4671 1228 4746 quam
1246 4645 1380 4719 suturis
1386 4701 1397 4737 ,
1424 4664 1557 4723 notum
1574 4673 1647 4721 esse
1663 4643 1749 4718 volo
1757 4698 1771 4745 ,

380 4767 476 4866 quod
495 4767 641 4868 quidam
659 4793 759 4842 meus
779 4765 911 4857 fidelis,
939 4772 1088 4843 nomine
1113 4769 1313 4870 Sulpicius,
1339 4787 1465 4844 votum
1490 4769 1617 4844 habuit
1635 4770 1674 4842 in
1698 4792 1774 4840 coe·

383 4889 497 4966 uobio
514 4892 626 4970 sancti
645 4891 741 4965 Petri
759 4892 1006 4982 carnotensis,
1025 4891 1071 4966 ab
1088 4891 1157 4967 hoc
1173 4892 1381 4994 deceptibili
1397 4893 1517 4978 seculo
1535 4891 1677 4982 nudus,
1693 4891 1770 4965 veri

749 5054 826 5149 'a
