4462 6120
736 743 773 813 S.
800 741 943 815 PETRI
969 739 1305 814 CARNOTENSIS.
1649 735 1715 808 131

326 882 468 958 Radulfi
486 886 628 958 comitis
651 886 758 960 silius.
782 886 986 961 'ledbaldus
1008 886 1052 960 de
1070 887 1196 960 Monte
1214 885 1418 960 Morentiae.
1439 885 1545 985 Hugo
1568 881 1720 956 butilla-

325 1007 413 1079 rius.
438 1006 633 1080 Adelardus
663 1007 919 1085 cubicularius.
953 1009 1218 1110 lngerrannus,
1250 1006 1455 1109 pedagogus
1476 1006 1583 1106 regis.
1613 1007 1719 1103 Hugo

325 1126 516 1202 dublellus.
540 1128 748 1207 Rodbertus
764 1129 880 1203 rufus.
896 1162 914 1201 a

752 1388 1120 1479 CAPITULUM
1158 1390 1288 1478 Vlll.

804 1636 850 1697 De
866 1651 940 1698 terra
957 1638 1098 1699 Gualterii
1115 1637 1237 1698 Costati.

376 1902 395 1940 a
409 1870 450 1941 ln
465 1868 615 1944 nomine
630 1867 780 1943 Domini
797 1867 922 1958 Jhesu,
939 1867 1139 1943 conditoris
1156 1868 1322 1944 omnium
1335 1894 1473 1941 rerum.
1494 1867 1634 1941 Notum
1650 1893 1724 1942 esse
1751 1882 1845 1929 aaaa.
1858 1880 1928 1928 ¹0⁸⁰·

324 1994 492 2069 volumus
502 2045 513 2081 ,
532 2018 600 2092 ego
616 1991 803 2066 Hubertus
816 1990 943 2081 abbas,
964 2019 1145 2067 successor
1162 1991 1328 2065 Landrici
1347 1989 1506 2080 abbatis,
1525 2016 1724 2092 omnesque

323 2113 492 2190 monachi
510 2114 632 2186 Sancti
650 2114 746 2188 Petri
765 2111 926 2188 coenobii
945 2115 1195 2203 Carnotcnsis,
1215 2113 1386 2188 omnibus
1403 2113 1625 2204 christianis,
1651 2130 1722 2186 tam

324 2236 566 2338 praesentibus
579 2263 690 2338 quam
705 2235 861 2325 futuris,
877 2238 961 2339 quia
976 2235 1156 2338 quandam
1172 2253 1320 2330 terram,
1334 2263 1445 2339 quam
1459 2236 1604 2312 dederat
1618 2263 1725 2311 vene-

323 2360 447 2434 rabilis
465 2358 637 2433 Albertus
661 2359 794 2435 Sancto
816 2362 926 2436 Petro
943 2377 980 2434 et
1001 2360 1135 2437 Sancto
1152 2361 1336 2437 Germano
1355 2360 1399 2434 de
1417 2361 1619 2451 Bruerolis,
1641 2388 1724 2462 quae

323 2484 413 2560 olim
427 2482 574 2585 quidem
590 2482 671 2557 data
685 2482 794 2558 fuisse
806 2484 1009 2559 dinoscitur
1027 2483 1169 2559 cuidam
1181 2485 1262 2560 viro
1274 2484 1478 2575 Walterio,
1495 2485 1724 2586 praenomine

324 2606 491 2695 Costato,
510 2606 598 2680 dum
614 2608 830 2709 praepositus
852 2607 945 2698 fuit,
973 2625 1080 2711 atque
1104 2610 1238 2682 iterum
1261 2607 1343 2681 data
1358 2624 1412 2682 est
1428 2606 1610 2682 Richardo
1630 2633 1726 2708 prae-

324 2731 444 2829 posito
454 2757 464 2818 ;
485 2746 557 2821 set,
574 2731 668 2802 sicut
679 2728 855 2820 diximus,
876 2758 894 2802 a
912 2729 1051 2806 domno
1065 2729 1231 2821 Alberto,
1250 2731 1415 2832 apostolo
1429 2732 1538 2806 Petro
1552 2747 1588 2804 et
1601 2745 1726 2804 sancto

324 2851 509 2926 Germano
534 2850 628 2924 data.
656 2850 825 2944 Quandiu
850 2853 962 2942 vixit,
988 2852 1032 2927 de
1055 2852 1179 2927 eadem
1204 2870 1299 2927 terra
1318 2852 1499 2926 siluerunt
1522 2853 1668 2952 utrique
1690 2868 1727 2923 et

325 2973 524 3047 Richardus
550 2976 766 3075 praepositus
790 2990 827 3048 et
852 2972 954 3048 heres
970 2975 1156 3052 VValterii
1182 2977 1337 3065 Costati;
1367 3003 1452 3049 cum
1478 3003 1565 3051 vero
1592 2973 1727 3050 obisset

323 3096 481 3171 domnus
508 3094 697 3185 Albertus,
728 3097 885 3170 surrexit
908 3097 1019 3196 ipsius
1037 3096 1222 3172 VValterii
1244 3097 1360 3186 filius,
1387 3096 1633 3172 Guinebertus
1654 3123 1728 3172 no·

325 3221 444 3309 mine,
469 3235 506 3293 et
529 3218 819 3293 calumniabatur
841 3236 975 3294 terram
997 3221 1129 3319 ipsam,
1149 3246 1232 3320 quae
1250 3236 1327 3292 erat
1349 3246 1435 3293 cum
1451 3220 1534 3293 luco
1552 3219 1724 3319 adjacenti

326 3345 365 3417 in
385 3358 580 3443 prospectu
597 3343 738 3443 praefati
756 3345 825 3416 vici
834 3372 846 3433 3
865 3342 1002 3444 diuque
1018 3343 1161 3415 luctans
1179 3343 1219 3415 in
1234 3341 1300 3415 bac
1317 3368 1378 3429 re,
1398 3340 1544 3415 tandem
1559 3368 1579 3414 a
1597 3341 1724 3430 nobis,

325 3490 395 3567 pro
405 3467 477 3565 ipsa
488 3482 598 3555 terra,
607 3466 812 3566 pecuniam,
825 3481 1006 3568 quantum
1013 3465 1213 3538 taxavimus
1223 3464 1433 3554 ininvicem,
1447 3463 1484 3537 id
1494 3480 1547 3536 est
1557 3464 1634 3538 XX
1641 3464 1727 3538 soli-

325 3587 391 3663 dos
401 3615 641 3664 nummorum
655 3591 806 3691 accepit,
818 3605 856 3663 et
864 3614 1044 3690 guerpum
1057 3615 1166 3689 super
1174 3585 1438 3688 altarepublice
1450 3587 1554 3688 posui
1560 3603 1587 3678 t,
1604 3613 1728 3661 coram

327 3711 480 3786 testibus
500 3713 539 3786 in
564 3712 636 3786 fine
652 3713 877 3813 subscriptis.
903 3712 1040 3787 Deinde
1064 3710 1262 3785 Richardus
1282 3712 1520 3812 praepositus,
1545 3736 1728 3786 successor

327 3834 512 3909 VValterii
521 3888 532 3924 ,
553 3836 771 3909 calumniam
788 3834 914 3908 intulit
920 3864 932 3925 ς
953 3836 1010 3908 cui
1026 3835 1135 3909 etiam
1147 3832 1240 3907 datis
1252 3832 1319 3911 Vll
1333 3830 1456 3908 solidis
1473 3859 1725 3924 nummorum,

328 3959 443 4058 ipsam
464 3956 683 4032 calumniam
705 3961 875 4060 guerpire
889 3958 1062 4048 fecimus,
1084 3984 1208 4033 coram
1223 3957 1396 4034 omnibus
1416 3956 1497 4030 his:
1518 3955 1725 4046 Rodberto,

328 4080 515 4182 quondam
526 4078 656 4156 abbate
670 4081 831 4157 coenobii
843 4083 1078 4172 Fossatensis;
1094 4080 1287 4157 Gausfrido
1297 4078 1512 4169 Guiscardo,
1525 4078 1725 4168 monacho,

328 4205 391 4305 qui
405 4202 472 4280 Vll
486 4203 619 4278 solidos
632 4204 799 4292 tradidit3
820 4204 1008 4281 Rodberto
1023 4206 1237 4307 praeposito,
1253 4205 1408 4304 Hugone
1424 4201 1468 4276 de
1483 4203 1620 4294 Famis,
1639 4201 1730 4276 Ber-

329 4325 444 4402 nardo
462 4325 505 4400 de
524 4329 663 4401 Lameri
683 4327 797 4418 Villa,
816 4327 1032 4429 lngenulfo,
1056 4326 1228 4402 Richerio
1252 4328 1408 4426 pistore,
1427 4325 1607 4415 Emulfo,
1627 4325 1730 4401 vvi-

329 4448 468 4525 mundo
483 4476 612 4550 puero,
629 4449 816 4526 Rodberto
828 4452 1025 4540 mulnario,
1041 4448 1223 4541 Huberto,
1240 4447 1428 4524 Rodberto
1440 4450 1620 4539 Canarno,
1634 4446 1730 4522 Ade-

330 4572 440 4648 lelmo
455 4589 492 4646 et
505 4574 583 4646 aliis
596 4571 887 4675 quampluribus.
907 4576 977 4646 llas
995 4589 1117 4646 autem
1129 4573 1268 4646 litteras
1281 4574 1345 4673 qui
1361 4573 1542 4648 contraire
1554 4570 1726 4658 voluerit,

330 4711 393 4767 aut
406 4711 541 4768 terram
558 4697 671 4796 ipsam
686 4695 880 4769 reclamare
895 4695 1065 4785 voluerit,
1083 4698 1110 4769 C
1124 4693 1259 4771 solidos
1274 4692 1633 4793 nummorumjudici
1649 4718 1730 4792 per-

330 4819 463 4907 solvat,
484 4835 521 4891 et
538 4819 637 4892 nisus
651 4823 727 4919 ejus
745 4819 906 4893 inefficax
923 4835 1126 4908 remaneat3
1143 4833 1199 4909 et,
1220 4820 1288 4891 nisi
1303 4819 1514 4919 resipuerit,
1530 4817 1569 4891 in
1582 4815 1728 4889 baratro

333 4940 467 5015 inferni
484 4968 566 5014 cum
580 4941 726 5020 diabolo
746 4961 866 5018 trusus
883 4942 1003 5018 ardeat
1020 4945 1097 5017 sine
1113 4941 1198 5017 fine.
1220 4972 1239 5012 a
