4462 6120
409 699 478 767 126
927 694 1275 773 MONASTERIUM

405 843 538 917 Villula
562 843 709 932 dicitur,
730 842 914 945 quondam
939 871 958 917 a
983 845 1150 919 Teduino
1169 846 1286 920 milite
1304 858 1428 922 sancto
1447 846 1556 922 Petro
1572 846 1711 935 datam,
1730 870 1799 920 suo

406 965 547 1040 cuidam
559 967 667 1041 militi
686 969 815 1068 injuste
828 965 986 1055 dederat,
1003 985 1040 1041 et
1052 985 1176 1043 sancto
1189 970 1299 1045 Petro
1310 968 1517 1070 usurpando
1532 970 1676 1044 tulerat.
1690 966 1798 1062 Quod

403 1087 551 1162 audiens
568 1089 736 1190 praefatus
754 1098 890 1180 comes,
912 1089 949 1162 id
969 1116 1052 1191 egre
1076 1091 1181 1180 tulit,
1197 1107 1234 1165 et
1250 1118 1329 1166 rem
1343 1118 1418 1164 non
1434 1107 1532 1165 recte
1548 1106 1664 1164 actam
1678 1090 1798 1166 corri-

403 1237 512 1311 gens,
533 1211 617 1287 ilico
637 1210 848 1312 praedictam
867 1228 999 1285 terram
1023 1214 1156 1288 Sancto
1179 1214 1288 1287 Petro
1312 1212 1485 1304 reddidit,
1514 1229 1552 1286 et
1577 1212 1638 1286 has
1659 1214 1798 1287 litteras

403 1335 552 1410 nomine
568 1336 721 1435 proprio
736 1336 1018 1437 nominibusque
1035 1337 1236 1436 primatum
1249 1362 1401 1410 suorum
1419 1334 1651 1411 corroborari
1672 1335 1794 1435 jussit.

402 1454 626 1546 Gausfridus‚
637 1456 916 1558 Andegnvorum
928 1483 1061 1534 eomes.
1076 1457 1366 1549 Bartholomeua,
1382 1455 1672 1559 archiepiscopus
1681 1458 1800 1530 Ture

402 1606 548 1656 norum.
573 1580 756 1656 Johannes
781 1579 825 1655 de
847 1581 1007 1657 Cainoue
1031 1594 1164 1671 castro,
1184 1581 1297 1656 frater
1319 1579 1591 1682 archiepiscopi.
1620 1581 1684 1656 lvo
1704 1579 1798 1653 Mala

401 1702 558 1780 Corona.
580 1703 817 1793 Teodericus‚
838 1703 934 1777 filius
957 1704 1153 1805 Unbergae.
1175 1704 1369 1778 Raiualdus
1381 1704 1425 1779 de
1439 1704 1594 1780 castello
1608 1703 1793 1779 Gunterii.

401 1826 601 1901 Richardus
616 1827 660 1900 de
682 1828 836 1902 Castello
853 1827 1047 1903 Landonis.
1067 1825 1303 1903 Guidbertus.
1323 1826 1562 1916 Godefridus‚
1583 1825 1678 1901 filius
1695 1825 1794 1898 Ans·

400 1947 531 2048 gardis.
551 1949 725 2023 Radulsus
745 1950 788 2024 de
808 1950 1104 2029 matutinalia
1124 1952 1283 2026 nostris:
1304 1949 1516 2024 Gausfridus
1532 1951 1693 2027 Biootua.
1711 1945 1797 2021 Gil-

400 2071 531 2144 duinus
548 2075 676 2171 major.
697 2072 894 2147 Landricus
910 2076 1039 2173 major.
1058 2073 1261 2147 Walterius
1278 2073 1444 2160 clericus.
1462 2103 1480 2141 u

853 2309 1221 2401 CAPITULUM
1259 2312 1340 2399 VI.

813 2511 858 2570 De
881 2512 987 2570 vicaria
1011 2507 1257 2570 Ermenteriarum
1282 2509 1371 2568 villae.

449 2719 467 2756 κ
483 2689 523 2761 {n
538 2689 687 2762 nomine
702 2685 850 2762 Domini
864 2689 980 2762 nostri
994 2686 1104 2761 Jhesu
1116 2687 1248 2762 Christi
1261 2686 1461 2763 conditoris
1474 2690 1640 2763 omnium
1652 2712 1790 2762 rerum.

398 2811 479 2911 Ego
502 2810 717 2900 Landricus,
737 2810 851 2910 gratia
868 2812 957 2898 Dei,
976 2810 1084 2883 abbas
1103 2810 1265 2885 coenobii
1282 2811 1403 2885 Sancti
1426 2812 1524 2884 Petri
1541 2812 1792 2901 carnotensis,

398 2951 506 3034 atque
524 2960 651 3009 omnes
668 2932 797 3005 fratres
815 2931 947 3034 quibus
963 2958 1102 3031 preesse
1119 2934 1259 3024 videor,
1278 2953 1411 3010 notum
1427 2935 1507 3010 fore
1524 2934 1691 3009 volumus
1708 2960 1793 3009 om-

398 3055 505 3130 nibus
522 3054 707 3146 fidelibus,
726 3071 801 3128 tam
816 3057 1005 3154 praesentis
1024 3082 1135 3157 quam
1151 3057 1268 3128 futuri
1287 3058 1374 3144 aevi,
1393 3056 1513 3158 quod,
1537 3073 1731 3156 postquam
1747 3054 1793 3129 ab

398 3177 681 3256 antecessoribus
700 3179 835 3252 nostris
852 3179 1163 3252 Ermenteriarum
1178 3180 1285 3268 villa,
1309 3196 1398 3252 tunc
1417 3178 1686 3267 inhabitabilis,
1710 3205 1794 3252 cum

398 3303 573 3392 aecclesia,
593 3302 637 3376 de
653 3300 811 3404 quodam
827 3301 964 3394 milite,
984 3302 1166 3377 Roscelini
1182 3317 1303 3402 patre,
1321 3302 1415 3374 sicut
1430 3302 1469 3374 in
1486 3300 1640 3375 archivis
1657 3303 1792 3378 nostris

399 3425 552 3499 habetur
579 3425 774 3523 scriptum,
802 3425 903 3497 omni
930 3423 1192 3499 consuetudine
1217 3423 1352 3513 libera,
1382 3441 1516 3523 praeter
1542 3424 1632 3501 duos
1658 3424 1793 3500 solidos

397 3574 634 3622 nummorum
655 3546 699 3620 de
722 3544 882 3620 custodia
906 3562 943 3619 ct
968 3545 1195 3646 pasnadium,
1215 3545 1289 3619 fuit
1305 3561 1443 3645 empta3
1470 3564 1523 3621 set
1546 3546 1642 3620 idem
1659 3549 1794 3622 Rosce-

398 3672 509 3759 linus‚
529 3671 747 3742 inreverenti
768 3683 805 3742 ct
822 3667 1003 3742 infrunito
1020 3669 1142 3743 animo
1159 3667 1295 3758 victus,
1314 3685 1398 3768 post
1415 3668 1679 3757 venditionem,
1699 3671 1793 3741 vica-

397 3796 488 3865 riam
506 3791 663 3890 ejusdem
676 3790 772 3862 villae
787 3816 958 3889 usurpare
976 3817 1053 3864 non
1071 3788 1231 3864 erubuit.
1248 3790 1320 3883 Qui
1339 3790 1483 3864 tandem
1494 3791 1685 3866 moriendo
1698 3794 1792 3864 resi-

396 3917 555 4015 piscens,
583 3940 651 4013 pro
672 3914 802 3985 animae
825 3939 898 3984 suae
922 3910 1101 4003 remedio,
1130 3939 1213 3985 cum
1233 3938 1376 3986 assensu
1399 3911 1528 3989 domus
1544 3939 1636 4002 suae,
1658 3914 1791 3988 Sancto

396 4039 505 4114 Petro
531 4034 699 4110 reddidit.
727 4037 835 4135 Cujus
860 4034 955 4108 filius
979 4036 1104 4111 Teudo
1129 4052 1269 4136 postea,
1296 4062 1408 4136 pravo
1433 4035 1586 4111 oonsilio
1614 4063 1788 4127 suorum,

396 4160 545 4235 eandem
556 4160 725 4233 vicariam
738 4185 803 4258 per
816 4184 947 4234 sonum
961 4185 1143 4259 campanae
1155 4160 1325 4234 aecclesiae
1339 4185 1486 4233 rursum
1497 4159 1639 4232 invasit.
1652 4157 1792 4235 Verum

397 4306 537 4373 tamen,
557 4285 750 4358 aWarino
766 4281 966 4371 monacho,
988 4283 1153 4382 precibus
1174 4284 1299 4356 multis
1320 4300 1509 4373 exoratus,
1535 4285 1687 4382 acceptis
1707 4281 1790 4357 iude

395 4409 517 4486 solidis
528 4434 764 4484 nummorum
774 4434 811 4496 x,
828 4408 1133 4507 ipsamvicariam,
1145 4434 1252 4509 quam
1264 4408 1397 4502 injuste
1409 4406 1599 4494 invaserat,
1610 4406 1787 4508 gurpivit,

396 4535 530 4609 habens
550 4561 671 4608 secum
692 4535 886 4634 Hugonem
900 4531 944 4605 de
961 4532 1174 4606 Manseiaria
1200 4547 1236 4605 et
1253 4530 1474 4604 Walterium
1493 4527 1728 4602 Christallum
1744 4527 1789 4603 de

394 4657 620 4733 Senunchiis.
640 4654 778 4730 Deinde
795 4655 900 4756 hujus
923 4655 1108 4731 Teudonis
1123 4655 1278 4730 domnus
1296 4653 1487 4742 albertus,
1508 4651 1650 4726 Ribaldi
1669 4651 1785 4740 filius,

394 4780 546 4882 quadam
571 4780 759 4856 occasione
783 4796 945 4879 accepta,
971 4777 1143 4878 praefatos
1168 4778 1258 4852 duos
1283 4776 1417 4853 solidos
1441 4803 1678 4852 nummorum
1703 4801 1787 4848 cum

393 4903 562 5007 pasnadio
580 4920 617 4978 et
632 4905 744 5001 ipsam
759 4903 928 4977 vicariam
941 4903 1014 4976 suis
1024 4902 1150 4977 usibus
1162 4901 1392 5000 mancipavit.
1408 4900 1500 4992 Qui,
1517 4925 1601 4973 cum
1615 4925 1680 4999 per
1692 4897 1788 4998 pius·
