4462 6120
248 731 316 821 ¹58
764 743 1111 820 uouasraaruu

245 918 315 992 quc
337 891 505 991 pastorali
533 892 744 974 donaveram
774 905 811 962 et
834 896 993 963 moriens
1015 891 1209 992 quicquid,
1236 891 1383 964 inaura
1405 904 1441 962 et
1462 904 1632 988 argento,

243 1018 331 1088 vino
347 1030 384 1086 ct
401 1015 547 1102 tritico,
562 1011 786 1113 possederat,
805 1014 843 1086 in
858 1038 941 1085 usus
957 1012 1220 1086 monachorum
1237 1029 1357 1086 totum
1374 1012 1537 1111 reliquit.
1553 1010 1637 1104 Quo

243 1152 411 1224 mortuo,
440 1136 505 1208 lilii
530 1140 605 1235 ejus
632 1162 779 1209 omnem
798 1136 961 1209 triticum
981 1152 1018 1209 et
1039 1138 1167 1209 vinum
1189 1151 1418 1222 mutuantes,
1444 1134 1635 1205 inimicum

244 1258 415 1332 babentes
433 1259 693 1347 feneratorem,
714 1260 742 1329 si
761 1257 906 1358 quando
922 1260 1125 1358 requireret
1140 1259 1237 1359 quod
1256 1275 1389 1330 mutuo
1405 1257 1632 1356 prestiterat;

242 1381 385 1453 Beatrix
399 1406 565 1482 quoque,
584 1406 679 1455 uxor
689 1383 834 1479 majoris
848 1380 912 1452 filii
921 1436 933 1472 ,
954 1382 1048 1453 intra
1064 1407 1183 1455 arcem
1200 1407 1299 1453 suam
1315 1404 1446 1451 auram
1461 1395 1497 1452 et
1510 1402 1637 1477 argen-

244 1520 323 1574 tum
347 1502 501 1592 habens,
522 1530 558 1578 se
575 1502 643 1576 sibi
666 1505 969 1604 propinquiorem
996 1505 1184 1591 estimans,
1211 1519 1333 1602 preter
1355 1502 1501 1575 calicem
1519 1525 1636 1575 unum

242 1650 352 1726 quem
366 1625 500 1700 lecerat
516 1651 686 1715 aureum,
710 1624 824 1698 nichil
843 1633 997 1700 omnino
1020 1625 1137 1699 voluit
1156 1624 1317 1699 reddere.
1337 1625 1433 1696 Dum
1451 1647 1538 1697 vero
1553 1647 1637 1721 per-

242 1772 323 1845 sepe
338 1775 358 1819 a
374 1745 581 1845 supradicto
594 1762 830 1846 procuratore
842 1747 913 1821 loci
925 1745 1046 1821 verbis
1061 1748 1193 1820 acriter
1205 1762 1432 1831 moneretur,
1448 1758 1489 1815 ut
1502 1742 1637 1817 elemo—

243 1871 358 1940 sinam
380 1871 514 1941 mortui
541 1866 725 1955 redderet,
749 1868 792 1940 ad
816 1884 928 1941 terras
946 1869 1112 1943 emendas
1129 1885 1165 1942 et
1189 1867 1269 1943 edes
1293 1865 1570 1952 construendas,
1595 1864 1634 1937 in

244 2007 341 2063 tanta
357 1992 410 2062 ira
425 1991 572 2078 exarsit,
594 2006 635 2062 ut
651 2006 688 2063 et
704 1990 901 2065 monachos
914 2007 1059 2065 nostros
1073 2019 1092 2063 a
1106 1992 1189 2067 loco
1200 1990 1364 2092 palleret,
1380 2006 1417 2062 ct
1428 1981 1636 2061 Clunienscs

241 2097 438 2185 monacbos
457 2111 546 2183 inibi
565 2126 730 2211 poneret.
757 2112 827 2205 Qui
846 2111 952 2185 semel
972 2112 1210 2186 anathematis
1223 2113 1318 2212 pulsi
1334 2120 1636 2200 mucroneffut*

242 2260 322 2307 sum
337 2232 539 2321 redierunt,
554 2233 795 2333 Allobrogum
809 2233 962 2309 inediam
975 2233 1319 2337 fugientesquoquo
1331 2234 1515 2335 gentium3
1533 2242 1637 2341 mptte

243 2357 498 2457 girovagorum
517 2355 613 2429 arida
630 2357 797 2429 armaria
815 2372 1055 2446 transmeant,
1076 2374 1118 2429 ut
1137 2357 1326 2433 inveniant
1342 2382 1449 2430 escas.

1551 2500 1556 2507 ,
1585 2474 1615 2509 a

643 2609 1234 2702 carrrutuuxxxr.
1536 2638 1539 2649 ·
1617 2610 1621 2617 ·

495 2856 620 2915 Donatio
635 2855 826 2936 quorumdam
840 2855 1084 2917 collibertorum
1098 2855 1204 2917 comite
1215 2854 1380 2917 Tadhatda.
1413 2850 1435 2885 ¹⁵

293 3084 557 3185 «Quicumque
582 3083 649 3156 sibi
675 3084 880 3185 obligatum
906 3083 1116 3173 hominem,
1140 3098 1294 3184 propter
1315 3104 1487 3157 amorem·
1502 3078 1635 3171 Dana

240 3202 365 3281 debito
390 3206 526 3280 relaxat
550 3207 716 3294 servitio,
736 3208 928 3306 praemium
954 3205 1024 3278 sibi
1051 3206 1098 3281 ab
1123 3232 1168 3281 eo
1191 3204 1369 3292 confidat,
1397 3205 1475 3278 sine
1498 3202 1632 3292 dubio,

240 3327 395 3402 retribui
419 3330 456 3401 in
482 3327 670 3420 futurum3
693 3328 837 3402 dicente
860 3330 1025 3428 ipso-per
1049 3327 1303 3430 propbetan-s-
1321 3328 1476 3399 Dimitte
1489 3328 1638 3426 eoa-qui

240 3454 426 3550 cunfracti
441 3470 525 3526 sunt
547 3453 699 3542 liberos,
728 3469 762 3524 et
779 3478 883 3525 amne
904 3453 1022 3529 bonu
1043 3451 1242 3554 disrumpe.
1267 3452 1375 3524 Tunc
1388 3450 1582 3523 invocabis
1600 3467 1636 3523 at

239 3575 421 3647 Dominus
438 3575 637 3661 exaudien-
654 3575 834 3650 clamabis
850 3592 885 3648 et
901 3575 998 3651 dicet
1012 3576 1139 3650 :Ecca
1153 3577 1302 3651 adsum.
1319 3576 1554 3677 Quapropter
1566 3598 1635 3675 ego

240 3724 359 3771 comes
371 3697 592 3787 Tedbaldus,
609 3700 648 3771 in
662 3701 726 3773 Dei
743 3700 892 3775 nomine
899 3753 910 3788 ,
925 3725 995 3799 pro
1008 3696 1171 3775 remedio
1187 3701 1319 3772 animas
1334 3722 1444 3789 mere,
1458 3697 1633 3800 quosdam

239 3843 359 3892 servos
374 3820 444 3891 mei
461 3821 572 3917 juris,
593 3834 695 3896 natos
711 3846 755 3894 ex
771 3822 882 3894 serris
899 3822 988 3894 meis
1006 3800 1356 3922 ancillisqucssaribti
1369 3820 1473 3894 rori
1489 3821 1637 3897 struo-

240 3940 368 4026 tensis,
388 3965 473 4011 cum
484 3964 561 4015 uno
577 3967 680 4018 servo
697 3939 779 4017 meo
796 3939 914 4015 libero
922 3994 934 4031 ‚
953 3941 1058 4017 trado
1073 3940 1263 4016 monacbis
1277 3941 1389 4042 ipsias
1401 3941 1472 4016 loci
1480 3952 1569 4031 sut,
1586 3940 1636 4051 ab

241 4057 304 4132 bac
326 4058 401 4151 die,
428 4064 615 4135 servitium
633 4062 796 4137 debitum
815 4063 1036 4163 persolvant.
1056 4064 1112 4136 Ea
1126 4062 1287 4164 (lenique
1302 4063 1547 4138 marmeians
1562 4042 1636 4138 boc

240 4207 377 4272 annua,
395 4199 438 4254 ut
452 4185 555 4258 omni
568 4201 745 4285 tempore,
764 4186 923 4285 exceptis
937 4183 1077 4259 feriatis
1090 4182 1232 4274 «liebus,
1248 4184 1289 4256 in
1302 4185 1415 4284 pleno
1428 4198 1632 4273 convutu,

237 4303 349 4377 michi
374 4305 529 4405 psalmus
550 4325 634 4408 post
655 4309 836 4382 laetaniam
857 4307 903 4381 ab
925 4308 1057 4382 eisdem
1079 4307 1258 4383 fratribus
1274 4307 1499 4384 decantetttr.
1523 4309 1574 4382 Et
1593 4324 1635 4381 ut

239 4427 344 4526 hujus
360 4426 571 4503 donationis
591 4445 688 4504 carta
713 4432 760 4504 sit
779 4434 882 4508 omni
902 4449 1076 4530 tempore·
1088 4430 1217 4521 finus,
1231 4456 1302 4533 ago
1324 4432 1399 4532 ipse
1422 4446 1635 4505 manu-met

237 4550 343 4650 signo
360 4553 476 4627 cruris
495 4578 571 4625 eam
586 4551 777 4644 roboravi,
795 4570 831 4627 et
848 4553 926 4629 filio
942 4578 1024 4628 meo
1039 4552 1285 4628 roborandam
1300 4555 1486 4654 proposui.
1505 4550 1545 4624 S.
1557 4552 1635 4624 Ste-

238 4670 347 4771 pbani
367 4675 523 4746 comitis.
549 4675 587 4746 S.
602 4673 784 4749 Gausfridi
803 4675 848 4749 de
865 4674 991 4750 Calido
1008 4677 1150 4750 Monte.
1175 4677 1213 4748 S.
1225 4672 1413 4752 VVidonis
1427 4672 1632 4747 delituimus

238 4794 276 4863 S.
293 4794 454 4867 Haiurici
480 4795 646 4894 dapiferi.
673 4798 710 4869 S.
725 4798 912 4874 VVidonis
939 4797 983 4870 de
1007 4797 1134 4870 Monte
1158 4797 1371 4872 Leodorico.
1398 4797 1436 4868 S.
1452 4792 1631 4880 Alcberii,

239 4911 305 4987 filii
324 4915 527 4989 Guauslini.
550 4918 588 4991 S.
604 4919 789 5019 Hugonis‚
808 4917 873 4991 filii
892 4917 1080 4992 Tedbaldi.
1101 4951 1120 4988 a
