4462 6120
549 728 587 802 S.
606 728 750 802 PETRI
775 725 1115 802 CARNOTENSIS.
1204 765 1205 768 ¹
1454 723 1523 796 11⁶7

538 1010 905 1104 CAPITULUM
943 1010 1123 1101 XXIV.

436 1282 439 1287 ’
469 1261 605 1353 ΨΜ
619 1262 742 1325 Gerardi
757 1263 843 1345 Capri
859 1276 888 1323 et
903 1262 1013 1344 Pagani
1028 1261 1185 1343 prepositi,

201 1517 220 1564 v
240 1492 331 1562 Cum
351 1499 355 1522 '
381 1506 533 1565 cunctos
556 1491 726 1567 mortales
756 1488 946 1563 insatiabili
974 1507 1124 1590 gutture
1153 1517 1251 1567 mors
1280 1489 1529 1565 inrevocabilis
1553 1511 1619 1554 uua
1634 1504 1703 1552 ¹⁰⁷⁷·

130 1637 270 1715 semper
286 1614 463 1705 devoret‚‘
474 1614 525 1687 ad*
536 1614 698 1714 exempla
716 1629 837 1687 tamen
856 1614 1022 1687 humanae
1040 1613 1312 1715 propagationis
1328 1612 1529 1685 utillimum

129 1737 210 1812 fore
230 1735 390 1811 decrevit
412 1738 618 1837 priscorum
640 1735 836 1826 industria,
861 1762 938 1810 non
957 1737 1076 1809 solum
1092 1737 1281 1810 memoriae
1297 1751 1529 1835 posterorum

131 1862 190 1960 pia
209 1859 302 1933 facta
320 1861 485 1936 virorum
505 1859 687 1951 fidelium,
706 1885 833 1934 verum
856 1861 964 1933 etiam
985 1859 1118 1933 litteris
1139 1858 1309 1932 mandare
1328 1859 1509 1959 paginulis
1516 1886 1527 1946 ;

132 1999 432 2086 quatenusmcns
456 1985 636 2084 ipsorum,
662 1983 820 2085 plurima
843 2009 1055 2083 peragrans,
1081 2009 1150 2083 pro
1170 1981 1410 2083 praesentibus
1432 2008 1532 2082 prae·

134 2108 240 2180 terita
265 2090 501 2198 obliviscens,
531 2136 607 2183 non
631 2124 775 2180 tantum
794 2134 876 2208 quae
897 2106 1078 2180 sevidisse
1100 2107 1289 2194 meminit,
1314 2122 1367 2178 set
1389 2130 1429 2178 ea
1449 2121 1532 2204 quae
1566 2160 1573 2166 a

133 2258 152 2301 a
182 2231 365 2331 principio
394 2231 487 2304 lacta
517 2231 699 2331 relegens,
732 2246 904 2331 tanquam
930 2257 969 2303 ea
995 2255 1078 2331 quae
1098 2226 1231 2303 viderit
1261 2243 1397 2304 noscat.
1427 2227 1533 2302 Unde

135 2380 203 2455 ego
226 2353 458 2442 Gauslridus,
482 2354 604 2427 Sancti
625 2355 722 2427 Petri
743 2352 906 2428 coenobii
926 2353 1160 2425 Carnotensis
1179 2350 1396 2442 monachus,
1420 2345 1539 2427 totius

136 2479 430 2584 congregationis
442 2503 603 2568 assensu,
623 2496 731 2580 atque
746 2477 900 2550 Huberti
916 2476 1057 2549 abbatis
1071 2478 1336 2577 praeceptione,
1355 2502 1463 2576 super
1479 2473 1534 2548 his

136 2600 245 2676 rebus
259 2628 343 2704 quae
359 2599 491 2709 habere
504 2601 676 2676 videntur
691 2603 729 2674 in
743 2600 981 2704 Normanniae
998 2600 1162 2701 partibus
1178 2617 1299 2674 custos
1316 2616 1352 2674 et
1367 2601 1536 2701 provisor

136 2725 272 2811 sactus,
293 2725 466 2799 omnibus
474 2780 484 2813 ,
502 2742 576 2798 tam
588 2723 828 2825 praesentibus
844 2751 952 2825 quarn
970 2723 1105 2797 futuris
1113 2779 1123 2812 ,
1142 2742 1275 2798 sanctae
1289 2723 1352 2795 Dei
1367 2724 1535 2798 aecclesiae

139 2847 323 2937 fidelibus,
345 2867 475 2924 notum
491 2870 564 2922 esse
576 2849 675 2938 volo,
690 2847 790 2950 quod
805 2848 951 2950 quidam
971 2849 1041 2938 vir,
1063 2849 1213 2924 nomine
1230 2847 1422 2936 Girardus,
1441 2874 1538 2945 prae-

140 2973 289 3046 nomine
316 2971 449 3071 Caper,
479 2998 548 3069 pro
574 2972 705 3042 animae
726 2996 800 3042 suae
826 2969 1098 3069 redemptione,
1123 2997 1266 3045 necnon
1288 2985 1326 3042 et
1344 2984 1539 3070 parentum

140 3119 308 3180 suorum,
329 3111 462 3166 sanctae
474 3094 601 3166 Mariae
614 3093 658 3167 de
671 3093 811 3167 Plancis
827 3120 845 3165 a
862 3108 986 3168 sancto
1004 3096 1112 3167 Petro
1127 3074 1312 3194 apost010,
1333 3096 1435 3192 cujus
1451 3093 1538 3167 cella

144 3242 221 3289 esse
243 3215 386 3290 videtur
408 3218 481 3316 ipsa
507 3230 627 3288 sancta
645 3216 778 3305 Maria,
799 3243 881 3287 cum
899 3242 1076 3289 consensu
1092 3216 1218 3287 matris
1236 3241 1307 3285 suae
1325 3215 1539 3288 Emmelinae

142 3364 204 3413 seu
220 3338 379 3411 fratrum
395 3364 545 3413 suornm
562 3337 716 3412 Guarini
734 3353 771 3412 et
786 3337 939 3412 liuberti
949 3392 959 3424 ,
981 3339 1137 3438 gratuita
1154 3337 1340 3425 bonitate,
1358 3338 1540 3438 quandam

154 3464 307 3553 terram,
329 3489 406 3538 non
424 3465 532 3564 longe
550 3492 568 3537 a
588 3481 682 3539 terra
699 3479 831 3536 sanctae
848 3464 991 3551 Mariae,
1010 3463 1204 3549 concessit,
1223 3461 1456 3562 donumque,
1476 3486 1541 3561 per
1595 3453 1597 3457 ’

142 3585 348 3659 Guarinum
363 3586 514 3659 fratrem
532 3612 658 3675 suum,
679 3611 785 3685 super
803 3585 913 3658 altare
927 3600 1062 3656 sanctae
1076 3584 1201 3656 Mariae
1217 3584 1337 3671 misit,
1358 3580 1542 3683 inpeditus

143 3710 301 3811 quodam
318 3711 416 3784 bello
434 3710 476 3784 ad
495 3710 564 3785 hoc
585 3710 843 3811 peragendum.
869 3711 934 3781 Cui
956 3708 1053 3784 lacto
1077 3696 1303 3782 assenserunt
1326 3705 1543 3781 Guillelmus

144 3835 189 3907 de
211 3835 360 3912 Molinis
383 3851 501 3911 castro
525 3850 563 3906 et
583 3860 677 3910 uxor
698 3837 772 3934 ejus
796 3832 986 3907 Albereda.
1014 3833 1138 3908 lnsero
1162 3831 1270 3904 etiam
1293 3828 1378 3903 huic
1401 3829 1544 3930 paginae

148 3976 281 4034 terram
299 3961 452 4060 Pagani,
472 3985 583 4059 quam
599 3959 699 4032 dedit
719 3975 852 4032 sanctae
873 3957 1018 4048 Mariae,
1038 3984 1109 4057 pro
1127 3955 1295 4029 undecim
1313 3952 1418 4027 libris
1435 3977 1546 4026 num-

146 4107 313 4171 morum,
328 4108 418 4183 quas
429 4080 582 4155 debebat
596 4081 703 4157 nobis
715 4081 760 4155 de
773 4081 917 4154 teloneo
930 4078 1126 4179 supradicti
1142 4079 1262 4151 castri.
1277 4077 1396 4175 Quam
1410 4089 1546 4147 terram

150 4199 396 4306 ipse'Paganns
410 4204 677 4306 inguadiaverat
690 4231 759 4305 pro
771 4204 902 4304 viginti
917 4202 1040 4277 solidis
1053 4226 1309 4289 nummorum,
1329 4224 1421 4299 quos
1437 4198 1547 4270 etiam

148 4327 386 4416 reddidimus3
407 4343 460 4402 set
476 4344 532 4420 et,
551 4355 620 4428 pro
637 4353 797 4415 assensu,
817 4325 1033 4400 Gauscelino
1045 4304 1178 4424 Pagani
1195 4322 1353 4409 domno,
1372 4315 1472 4393 XX‘³
1488 4333 1547 4392 s'o-

151 4452 242 4528 lidos
270 4480 532 4543 nummorum,
567 4470 603 4526 et
633 4437 750 4527 uxori
767 4453 843 4549 ejus
871 4466 943 4522 tres
966 4447 1100 4523 solidos
1129 4446 1312 4533 dedimus;
1341 4443 1546 4517 VVillelmo

152 4571 326 4675 denique,
357 4575 496 4648 domno
523 4591 791 4675 utrorumque,
819 4570 962 4647 Girardi
993 4569 1130 4643 scilicet
1153 4586 1191 4643 et
1216 4568 1368 4668 Pagani,
1395 4579 1550 4665 propter
1631 4671 1660 4680 ἢ·

1155 4730 1176 4762 ἱ

195 4851 307 4911 'Hanc
322 4851 449 4911 chartam
468 4849 617 4909 retulimus
636 4846 718 4906 ada.
742 4866 832 4928 1077,
869 4858 998 4927 tempora
1013 4844 1140 4926 Philippi
1157 4841 1363 4921 Guillelmiquc
1379 4859 1499 4922 regum,
1517 4861 1549 4898 ac

154 4952 236 5031 cuins
257 4962 300 5011 est
322 4949 442 5010 indictio
464 4970 521 5024 xv,
544 4949 653 5029 quique
671 4943 782 5007 'incidit
802 4945 832 5004 in
867 4943 993 5004 Ruteni
1007 4943 1128 5005 abbatis.
