<?xml version="1.0" encoding="UTF-8"?>
<!DOCTYPE html PUBLIC "-//W3C//DTD XHTML 1.0 Transitional//EN"
    "http://www.w3.org/TR/xhtml1/DTD/xhtml1-transitional.dtd">
<html xmlns="http://www.w3.org/1999/xhtml" xml:lang="en" lang="en">
 <head>
  <title>
</title>
<meta http-equiv="Content-Type" content="text/html;charset=utf-8" />
  <meta name='ocr-system' content='tesseract 3.04.00' />
  <meta name='ocr-capabilities' content='ocr_page ocr_carea ocr_par ocr_line ocrx_word'/>
</head>
<body>
  <div class='ocr_page' id='page_1' title='image "./cartulairedelab00abbegoog_0498.png"; bbox 0 0 4462 6120; ppageno 0'>
   <div class='ocr_carea' id='block_1_1' title="bbox 417 710 1279 788">
    <p class='ocr_par' dir='ltr' id='par_1_1' title="bbox 417 710 1279 788">
     <span class='ocr_line' id='line_1_1' title="bbox 417 710 1279 788; baseline 0.003 -2"><span class='ocrx_word' id='word_1_1' title='bbox 417 718 485 786; x_wconf 75' lang='lat' dir='ltr'>tit</span> <span class='ocrx_word' id='word_1_2' title='bbox 933 710 1279 788; x_wconf 81' lang='lat' dir='ltr'>MONASTERIUM</span> 
     </span>
    </p>
   </div>
   <div class='ocr_carea' id='block_1_2' title="bbox 411 834 1808 4736">
    <p class='ocr_par' dir='ltr' id='par_1_2' title="bbox 411 834 1808 4121">
     <span class='ocr_line' id='line_1_2' title="bbox 411 834 1801 945; baseline 0.001 -36"><span class='ocrx_word' id='word_1_3' title='bbox 411 863 482 937; x_wconf 93' lang='lat' dir='ltr'>que</span> <span class='ocrx_word' id='word_1_4' title='bbox 498 835 576 911; x_wconf 86' lang='lat' dir='ltr'>haec</span> <span class='ocrx_word' id='word_1_5' title='bbox 588 835 769 909; x_wconf 78' lang='lat' dir='ltr'>Arelastus</span> <span class='ocrx_word' id='word_1_6' title='bbox 787 837 865 907; x_wconf 87' lang='lat' dir='ltr'>viva</span> <span class='ocrx_word' id='word_1_7' title='bbox 881 860 968 945; x_wconf 77' lang='lat' dir='ltr'>voce</span> <span class='ocrx_word' id='word_1_8' title='bbox 981 851 1194 935; x_wconf 83' lang='lat' dir='ltr'><strong>perorasset,</strong></span> <span class='ocrx_word' id='word_1_9' title='bbox 1209 834 1404 924; x_wconf 87' lang='lat' dir='ltr'>Guarinus,</span> <span class='ocrx_word' id='word_1_10' title='bbox 1419 835 1639 909; x_wconf 88' lang='lat' dir='ltr'>Belvacensis</span> <span class='ocrx_word' id='word_1_11' title='bbox 1654 837 1801 934; x_wconf 86' lang='lat' dir='ltr'>praesul,</span> 
     </span>
     <span class='ocr_line' id='line_1_3' title="bbox 413 955 1803 1059; baseline 0.003 -29"><span class='ocrx_word' id='word_1_12' title='bbox 413 960 649 1059; x_wconf 86' lang='lat' dir='ltr'>interrogavit</span> <span class='ocrx_word' id='word_1_13' title='bbox 674 957 897 1058; x_wconf 89' lang='lat' dir='ltr'>Stephanum</span> <span class='ocrx_word' id='word_1_14' title='bbox 921 973 957 1028; x_wconf 91' lang='lat' dir='ltr'>et</span> <span class='ocrx_word' id='word_1_15' title='bbox 980 955 1160 1045; x_wconf 89' lang='lat' dir='ltr'>Lisoium,</span> <span class='ocrx_word' id='word_1_16' title='bbox 1186 958 1249 1057; x_wconf 89' lang='lat' dir='ltr'>qui</span> <span class='ocrx_word' id='word_1_17' title='bbox 1271 956 1377 1056; x_wconf 88' lang='lat' dir='ltr'>hujus</span> <span class='ocrx_word' id='word_1_18' title='bbox 1398 955 1558 1031; x_wconf 85' lang='lat' dir='ltr'>herroris</span> <span class='ocrx_word' id='word_1_19' title='bbox 1586 957 1803 1033; x_wconf 88' lang='lat' dir='ltr'>videbantur</span> 
     </span>
     <span class='ocr_line' id='line_1_4' title="bbox 412 1078 1806 1182; baseline 0.001 -30"><span class='ocrx_word' id='word_1_20' title='bbox 412 1107 485 1155; x_wconf 86' lang='lat' dir='ltr'>csse</span> <span class='ocrx_word' id='word_1_21' title='bbox 501 1083 683 1182; x_wconf 82' lang='lat' dir='ltr'>magistri,</span> <span class='ocrx_word' id='word_1_22' title='bbox 702 1082 730 1153; x_wconf 91' lang='lat' dir='ltr'>si</span> <span class='ocrx_word' id='word_1_23' title='bbox 749 1082 797 1153; x_wconf 84' lang='lat' dir='ltr'>ita</span> <span class='ocrx_word' id='word_1_24' title='bbox 815 1081 993 1154; x_wconf 84' lang='lat' dir='ltr'>sentirent</span> <span class='ocrx_word' id='word_1_25' title='bbox 1008 1094 1044 1152; x_wconf 90' lang='lat' dir='ltr'>et</span> <span class='ocrx_word' id='word_1_26' title='bbox 1062 1078 1251 1153; x_wconf 89' lang='lat' dir='ltr'>crederent</span> <span class='ocrx_word' id='word_1_27' title='bbox 1266 1106 1348 1180; x_wconf 85' lang='lat' dir='ltr'>quae</span> <span class='ocrx_word' id='word_1_28' title='bbox 1365 1079 1410 1152; x_wconf 96' lang='lat' dir='ltr'>ab</span> <span class='ocrx_word' id='word_1_29' title='bbox 1425 1079 1590 1154; x_wconf 81' lang='lat' dir='ltr'>Aresasto</span> <span class='ocrx_word' id='word_1_30' title='bbox 1607 1097 1710 1156; x_wconf 85' lang='lat' dir='ltr'>erant</span> <span class='ocrx_word' id='word_1_31' title='bbox 1726 1106 1806 1154; x_wconf 89' lang='lat' dir='ltr'>me-</span> 
     </span>
     <span class='ocr_line' id='line_1_5' title="bbox 411 1202 1803 1303; baseline 0.001 -28"><span class='ocrx_word' id='word_1_32' title='bbox 411 1219 563 1279; x_wconf 88' lang='lat' dir='ltr'>morata.</span> <span class='ocrx_word' id='word_1_33' title='bbox 576 1203 625 1276; x_wconf 78' lang='lat' dir='ltr'>At</span> <span class='ocrx_word' id='word_1_34' title='bbox 636 1205 702 1294; x_wconf 91' lang='lat' dir='ltr'>illi,</span> <span class='ocrx_word' id='word_1_35' title='bbox 716 1231 799 1277; x_wconf 92' lang='lat' dir='ltr'>cum</span> <span class='ocrx_word' id='word_1_36' title='bbox 814 1202 959 1278; x_wconf 93' lang='lat' dir='ltr'>diabolo</span> <span class='ocrx_word' id='word_1_37' title='bbox 971 1203 1009 1275; x_wconf 92' lang='lat' dir='ltr'>in</span> <span class='ocrx_word' id='word_1_38' title='bbox 1025 1203 1169 1278; x_wconf 86' lang='lat' dir='ltr'>inferno</span> <span class='ocrx_word' id='word_1_39' title='bbox 1177 1205 1253 1302; x_wconf 91' lang='lat' dir='ltr'>jam</span> <span class='ocrx_word' id='word_1_40' title='bbox 1265 1205 1491 1278; x_wconf 87' lang='lat' dir='ltr'>mansionem</span> <span class='ocrx_word' id='word_1_41' title='bbox 1501 1220 1662 1303; x_wconf 88' lang='lat' dir='ltr'>paratam</span> <span class='ocrx_word' id='word_1_42' title='bbox 1671 1202 1803 1279; x_wconf 81' lang='lat' dir='ltr'>haben·</span> 
     </span>
     <span class='ocr_line' id='line_1_6' title="bbox 414 1326 1805 1417; baseline 0.002 -20"><span class='ocrx_word' id='word_1_43' title='bbox 414 1343 483 1417; x_wconf 91' lang='lat' dir='ltr'>tes,</span> <span class='ocrx_word' id='word_1_44' title='bbox 504 1354 587 1401; x_wconf 84' lang='lat' dir='ltr'>vera</span> <span class='ocrx_word' id='word_1_45' title='bbox 603 1352 676 1400; x_wconf 84' lang='lat' dir='ltr'>esse</span> <span class='ocrx_word' id='word_1_46' title='bbox 694 1342 912 1416; x_wconf 87' lang='lat' dir='ltr'>memorata,</span> <span class='ocrx_word' id='word_1_47' title='bbox 935 1341 970 1399; x_wconf 86' lang='lat' dir='ltr'>et</span> <span class='ocrx_word' id='word_1_48' title='bbox 994 1326 1040 1398; x_wconf 92' lang='lat' dir='ltr'>ita</span> <span class='ocrx_word' id='word_1_49' title='bbox 1062 1353 1097 1399; x_wconf 91' lang='lat' dir='ltr'>se</span> <span class='ocrx_word' id='word_1_50' title='bbox 1116 1327 1249 1399; x_wconf 88' lang='lat' dir='ltr'>sentire</span> <span class='ocrx_word' id='word_1_51' title='bbox 1266 1353 1307 1399; x_wconf 90' lang='lat' dir='ltr'>ac</span> <span class='ocrx_word' id='word_1_52' title='bbox 1324 1326 1468 1400; x_wconf 87' lang='lat' dir='ltr'>credere</span> <span class='ocrx_word' id='word_1_53' title='bbox 1486 1343 1695 1402; x_wconf 78' lang='lat' dir='ltr'>constanter</span> <span class='ocrx_word' id='word_1_54' title='bbox 1710 1353 1805 1400; x_wconf 85' lang='lat' dir='ltr'>assc-</span> 
     </span>
     <span class='ocr_line' id='line_1_7' title="bbox 412 1446 1800 1550; baseline 0.003 -30"><span class='ocrx_word' id='word_1_55' title='bbox 412 1468 514 1523; x_wconf 91' lang='lat' dir='ltr'>runt.</span> <span class='ocrx_word' id='word_1_56' title='bbox 537 1449 678 1544; x_wconf 89' lang='lat' dir='ltr'>Quibus</span> <span class='ocrx_word' id='word_1_57' title='bbox 697 1478 779 1523; x_wconf 92' lang='lat' dir='ltr'>cum</span> <span class='ocrx_word' id='word_1_58' title='bbox 796 1448 918 1550; x_wconf 84' lang='lat' dir='ltr'>presul</span> <span class='ocrx_word' id='word_1_59' title='bbox 932 1446 1068 1523; x_wconf 79' lang='lat' dir='ltr'>diceret</span> <span class='ocrx_word' id='word_1_60' title='bbox 1085 1449 1239 1523; x_wconf 87' lang='lat' dir='ltr'>voluisse</span> <span class='ocrx_word' id='word_1_61' title='bbox 1256 1448 1442 1522; x_wconf 86' lang='lat' dir='ltr'>Christum</span> <span class='ocrx_word' id='word_1_62' title='bbox 1458 1451 1554 1523; x_wconf 91' lang='lat' dir='ltr'>nasci</span> <span class='ocrx_word' id='word_1_63' title='bbox 1571 1446 1615 1523; x_wconf 93' lang='lat' dir='ltr'>de</span> <span class='ocrx_word' id='word_1_64' title='bbox 1631 1449 1800 1550; x_wconf 81' lang='lat' dir='ltr'>Virgine,</span> 
     </span>
     <span class='ocr_line' id='line_1_8' title="bbox 411 1571 1802 1673; baseline 0.001 -28"><span class='ocrx_word' id='word_1_65' title='bbox 411 1574 495 1673; x_wconf 88' lang='lat' dir='ltr'>quia</span> <span class='ocrx_word' id='word_1_66' title='bbox 514 1575 655 1672; x_wconf 86' lang='lat' dir='ltr'>potuit,</span> <span class='ocrx_word' id='word_1_67' title='bbox 676 1591 712 1646; x_wconf 94' lang='lat' dir='ltr'>et</span> <span class='ocrx_word' id='word_1_68' title='bbox 729 1599 798 1672; x_wconf 88' lang='lat' dir='ltr'>pro</span> <span class='ocrx_word' id='word_1_69' title='bbox 820 1589 942 1645; x_wconf 92' lang='lat' dir='ltr'>nostra</span> <span class='ocrx_word' id='word_1_70' title='bbox 960 1572 1073 1644; x_wconf 91' lang='lat' dir='ltr'>salute</span> <span class='ocrx_word' id='word_1_71' title='bbox 1091 1572 1164 1670; x_wconf 90' lang='lat' dir='ltr'>pati</span> <span class='ocrx_word' id='word_1_72' title='bbox 1187 1573 1226 1643; x_wconf 90' lang='lat' dir='ltr'>in</span> <span class='ocrx_word' id='word_1_73' title='bbox 1247 1571 1490 1662; x_wconf 84' lang='lat' dir='ltr'>humanitate,</span> <span class='ocrx_word' id='word_1_74' title='bbox 1511 1589 1572 1661; x_wconf 93' lang='lat' dir='ltr'>ut,</span> <span class='ocrx_word' id='word_1_75' title='bbox 1599 1573 1706 1645; x_wconf 90' lang='lat' dir='ltr'>tercia</span> <span class='ocrx_word' id='word_1_76' title='bbox 1724 1571 1802 1659; x_wconf 88' lang='lat' dir='ltr'>die,</span> 
     </span>
     <span class='ocr_line' id='line_1_9' title="bbox 412 1693 1806 1796; baseline 0.002 -31"><span class='ocrx_word' id='word_1_77' title='bbox 412 1694 549 1768; x_wconf 88' lang='lat' dir='ltr'>devicta</span> <span class='ocrx_word' id='word_1_78' title='bbox 571 1712 709 1784; x_wconf 88' lang='lat' dir='ltr'>morte,</span> <span class='ocrx_word' id='word_1_79' title='bbox 732 1711 938 1796; x_wconf 80' lang='lat' dir='ltr'>resurgeret</span> <span class='ocrx_word' id='word_1_80' title='bbox 959 1695 997 1767; x_wconf 94' lang='lat' dir='ltr'>in</span> <span class='ocrx_word' id='word_1_81' title='bbox 1018 1721 1079 1766; x_wconf 87' lang='lat' dir='ltr'>sua</span> <span class='ocrx_word' id='word_1_82' title='bbox 1102 1694 1251 1783; x_wconf 84' lang='lat' dir='ltr'>deitate,</span> <span class='ocrx_word' id='word_1_83' title='bbox 1274 1721 1412 1796; x_wconf 88' lang='lat' dir='ltr'>nosque</span> <span class='ocrx_word' id='word_1_84' title='bbox 1429 1693 1575 1769; x_wconf 90' lang='lat' dir='ltr'>doceret</span> <span class='ocrx_word' id='word_1_85' title='bbox 1592 1721 1666 1787; x_wconf 61' lang='lat' dir='ltr'>euge</span> <span class='ocrx_word' id='word_1_86' title='bbox 1683 1721 1806 1770; x_wconf 88' lang='lat' dir='ltr'>resur-</span> 
     </span>
     <span class='ocr_line' id='line_1_10' title="bbox 413 1815 1801 1916; baseline 0.001 -27"><span class='ocrx_word' id='word_1_87' title='bbox 413 1834 577 1893; x_wconf 90' lang='lat' dir='ltr'>recturos</span> <span class='ocrx_word' id='word_1_88' title='bbox 608 1819 647 1890; x_wconf 92' lang='lat' dir='ltr'>in</span> <span class='ocrx_word' id='word_1_89' title='bbox 680 1817 966 1903; x_wconf 74' lang='lat' dir='ltr'>reformatione,</span> <span class='ocrx_word' id='word_1_90' title='bbox 1007 1816 1174 1916; x_wconf 83' lang='lat' dir='ltr'>viperino</span> <span class='ocrx_word' id='word_1_91' title='bbox 1209 1843 1273 1892; x_wconf 90' lang='lat' dir='ltr'>ore</span> <span class='ocrx_word' id='word_1_92' title='bbox 1304 1815 1573 1916; x_wconf 87' lang='lat' dir='ltr'>responderunt</span> <span class='ocrx_word' id='word_1_93' title='bbox 1602 1817 1759 1892; x_wconf 84' lang='lat' dir='ltr'>dicentes</span> <span class='ocrx_word' id='word_1_94' title='bbox 1792 1850 1801 1890; x_wconf 75' lang='grc' dir='ltr'><strong><em>ε</em></strong></span> 
     </span>
     <span class='ocr_line' id='line_1_11' title="bbox 414 1937 1803 2049; baseline 0 -40"><span class='ocrx_word' id='word_1_95' title='bbox 414 1972 432 2010; x_wconf 81' lang='lat' dir='ltr'>u</span> <span class='ocrx_word' id='word_1_96' title='bbox 447 1943 522 2017; x_wconf 86' lang='lat' dir='ltr'>Nos</span> <span class='ocrx_word' id='word_1_97' title='bbox 540 1966 657 2042; x_wconf 91' lang='lat' dir='ltr'>neque</span> <span class='ocrx_word' id='word_1_98' title='bbox 677 1939 930 2049; x_wconf 44' lang='lat' dir='ltr'>irvrr‘uimus,</span> <span class='ocrx_word' id='word_1_99' title='bbox 954 1964 1072 2040; x_wconf 89' lang='lat' dir='ltr'>neque</span> <span class='ocrx_word' id='word_1_100' title='bbox 1095 1937 1171 2011; x_wconf 92' lang='lat' dir='ltr'>haec</span> <span class='ocrx_word' id='word_1_101' title='bbox 1193 1965 1277 2013; x_wconf 89' lang='lat' dir='ltr'>vera</span> <span class='ocrx_word' id='word_1_102' title='bbox 1298 1965 1371 2013; x_wconf 89' lang='lat' dir='ltr'>esse</span> <span class='ocrx_word' id='word_1_103' title='bbox 1388 1938 1534 2013; x_wconf 85' lang='lat' dir='ltr'>credere</span> <span class='ocrx_word' id='word_1_104' title='bbox 1559 1965 1760 2039; x_wconf 86' lang='lat' dir='ltr'>possmnus.</span> <span class='ocrx_word' id='word_1_105' title='bbox 1784 1973 1803 2010; x_wconf 78' lang='lat' dir='ltr'>u</span> 
     </span>
     <span class='ocr_line' id='line_1_12' title="bbox 412 2061 1805 2164; baseline 0.001 -29"><span class='ocrx_word' id='word_1_106' title='bbox 412 2064 461 2135; x_wconf 89' lang='lat' dir='ltr'>At</span> <span class='ocrx_word' id='word_1_107' title='bbox 480 2080 488 2105; x_wconf 91' lang='lat'><strong>¹</strong></span> <span class='ocrx_word' id='word_1_108' title='bbox 524 2063 602 2136; x_wconf 87' lang='lat' dir='ltr'>haec</span> <span class='ocrx_word' id='word_1_109' title='bbox 636 2064 758 2164; x_wconf 86' lang='lat' dir='ltr'>presul</span> <span class='ocrx_word' id='word_1_110' title='bbox 785 2089 846 2138; x_wconf 89' lang='lat' dir='ltr'>eos</span> <span class='ocrx_word' id='word_1_111' title='bbox 872 2063 993 2163; x_wconf 92' lang='lat' dir='ltr'>inquit</span> <span class='ocrx_word' id='word_1_112' title='bbox 1020 2062 1248 2161; x_wconf 90' lang='lat' dir='ltr'>interrogans</span> <span class='ocrx_word' id='word_1_113' title='bbox 1275 2093 1282 2134; x_wconf 75' lang='grc' dir='ltr'><strong>ε</strong></span> <span class='ocrx_word' id='word_1_114' title='bbox 1311 2091 1330 2132; x_wconf 83' lang='lat' dir='ltr'>u</span> <span class='ocrx_word' id='word_1_115' title='bbox 1349 2061 1516 2136; x_wconf 90' lang='lat' dir='ltr'>Carnales</span> <span class='ocrx_word' id='word_1_116' title='bbox 1545 2080 1712 2161; x_wconf 88' lang='lat' dir='ltr'>parentes</span> <span class='ocrx_word' id='word_1_117' title='bbox 1738 2062 1805 2137; x_wconf 90' lang='lat' dir='ltr'>ha-</span> 
     </span>
     <span class='ocr_line' id='line_1_13' title="bbox 414 2182 1805 2286; baseline 0.003 -31"><span class='ocrx_word' id='word_1_118' title='bbox 414 2217 432 2256; x_wconf 81' lang='lat' dir='ltr'>u</span> <span class='ocrx_word' id='word_1_119' title='bbox 447 2185 567 2259; x_wconf 89' lang='lat' dir='ltr'>buisse</span> <span class='ocrx_word' id='word_1_120' title='bbox 594 2184 739 2260; x_wconf 86' lang='lat' dir='ltr'>creditis</span> <span class='ocrx_word' id='word_1_121' title='bbox 764 2212 809 2258; x_wconf 92' lang='lat' dir='ltr'>an</span> <span class='ocrx_word' id='word_1_122' title='bbox 831 2182 932 2258; x_wconf 74' lang='lat' dir='ltr'>non?</span> <span class='ocrx_word' id='word_1_123' title='bbox 958 2215 977 2254; x_wconf 77' lang='lat' dir='ltr'>n</span> <span class='ocrx_word' id='word_1_124' title='bbox 1003 2185 1167 2286; x_wconf 88' lang='lat' dir='ltr'>Cumque</span> <span class='ocrx_word' id='word_1_125' title='bbox 1194 2210 1231 2258; x_wconf 92' lang='lat' dir='ltr'>se</span> <span class='ocrx_word' id='word_1_126' title='bbox 1252 2182 1397 2259; x_wconf 88' lang='lat' dir='ltr'>credere</span> <span class='ocrx_word' id='word_1_127' title='bbox 1425 2203 1643 2274; x_wconf 87' lang='lat' dir='ltr'>assererent,</span> <span class='ocrx_word' id='word_1_128' title='bbox 1673 2187 1805 2286; x_wconf 64' lang='lat' dir='ltr'>praesul</span> 
     </span>
     <span class='ocr_line' id='line_1_14' title="bbox 411 2304 1807 2417; baseline 0.001 -36"><span class='ocrx_word' id='word_1_129' title='bbox 411 2308 624 2408; x_wconf 85' lang='lat' dir='ltr'>respondit:</span> <span class='ocrx_word' id='word_1_130' title='bbox 642 2339 660 2379; x_wconf 80' lang='lat' dir='ltr'>a</span> <span class='ocrx_word' id='word_1_131' title='bbox 681 2309 719 2382; x_wconf 90' lang='lat' dir='ltr'>Si</span> <span class='ocrx_word' id='word_1_132' title='bbox 742 2335 787 2383; x_wconf 86' lang='lat' dir='ltr'>ex</span> <span class='ocrx_word' id='word_1_133' title='bbox 810 2307 1023 2409; x_wconf 87' lang='lat' dir='ltr'>parentibus</span> <span class='ocrx_word' id='word_1_134' title='bbox 1044 2333 1111 2385; x_wconf 86' lang='lat' dir='ltr'>vos</span> <span class='ocrx_word' id='word_1_135' title='bbox 1129 2333 1202 2382; x_wconf 89' lang='lat' dir='ltr'>esse</span> <span class='ocrx_word' id='word_1_136' title='bbox 1217 2322 1429 2417; x_wconf 76' lang='lat' dir='ltr'>procreatos</span> <span class='ocrx_word' id='word_1_137' title='bbox 1444 2304 1610 2398; x_wconf 74' lang='lat' dir='ltr'>cruditis,</span> <span class='ocrx_word' id='word_1_138' title='bbox 1627 2334 1714 2383; x_wconf 86' lang='lat' dir='ltr'>cum</span> <span class='ocrx_word' id='word_1_139' title='bbox 1730 2334 1807 2385; x_wconf 89' lang='lat' dir='ltr'>non</span> 
     </span>
     <span class='ocr_line' id='line_1_15' title="bbox 416 2418 1808 2529; baseline 0.009 -30"><span class='ocrx_word' id='word_1_140' title='bbox 416 2462 433 2501; x_wconf 78' lang='lat' dir='ltr'>u</span> <span class='ocrx_word' id='word_1_141' title='bbox 449 2433 556 2505; x_wconf 90' lang='lat' dir='ltr'>eratis</span> <span class='ocrx_word' id='word_1_142' title='bbox 564 2486 575 2522; x_wconf 92' lang='lat'>,</span> <span class='ocrx_word' id='word_1_143' title='bbox 595 2445 679 2506; x_wconf 90' lang='lat' dir='ltr'>ante</span> <span class='ocrx_word' id='word_1_144' title='bbox 695 2432 813 2507; x_wconf 84' lang='lat' dir='ltr'>secula</span> <span class='ocrx_word' id='word_1_145' title='bbox 830 2432 951 2505; x_wconf 86' lang='lat' dir='ltr'>Deum</span> <span class='ocrx_word' id='word_1_146' title='bbox 968 2428 1014 2505; x_wconf 83' lang='lat' dir='ltr'>do</span> <span class='ocrx_word' id='word_1_147' title='bbox 1034 2430 1113 2505; x_wconf 83' lang='lat' dir='ltr'>Deo</span> <span class='ocrx_word' id='word_1_148' title='bbox 1134 2428 1301 2529; x_wconf 87' lang='lat' dir='ltr'>genitum</span> <span class='ocrx_word' id='word_1_149' title='bbox 1315 2426 1394 2505; x_wconf 81' lang='lat' dir='ltr'>sine</span> <span class='ocrx_word' id='word_1_150' title='bbox 1405 2418 1542 2520; x_wconf 80' lang='lat' dir='ltr'>matre,</span> <span class='ocrx_word' id='word_1_151' title='bbox 1563 2429 1603 2504; x_wconf 94' lang='lat' dir='ltr'>in</span> <span class='ocrx_word' id='word_1_152' title='bbox 1620 2429 1694 2505; x_wconf 89' lang='lat' dir='ltr'>fine</span> <span class='ocrx_word' id='word_1_153' title='bbox 1710 2447 1808 2511; x_wconf 72' lang='lat' dir='ltr'>tcm-</span> 
     </span>
     <span class='ocr_line' id='line_1_16' title="bbox 417 2549 1808 2654; baseline 0.005 -32"><span class='ocrx_word' id='word_1_154' title='bbox 417 2585 434 2622; x_wconf 83' lang='lat' dir='ltr'>u</span> <span class='ocrx_word' id='word_1_155' title='bbox 450 2556 562 2654; x_wconf 90' lang='lat' dir='ltr'>poris,</span> <span class='ocrx_word' id='word_1_156' title='bbox 578 2554 699 2627; x_wconf 87' lang='lat' dir='ltr'>Sancti</span> <span class='ocrx_word' id='word_1_157' title='bbox 717 2554 872 2652; x_wconf 89' lang='lat' dir='ltr'>Spiritus</span> <span class='ocrx_word' id='word_1_158' title='bbox 887 2551 1182 2639; x_wconf 86' lang='lat' dir='ltr'>obumbratione,</span> <span class='ocrx_word' id='word_1_159' title='bbox 1199 2549 1243 2625; x_wconf 93' lang='lat' dir='ltr'>de</span> <span class='ocrx_word' id='word_1_160' title='bbox 1256 2550 1408 2650; x_wconf 88' lang='lat' dir='ltr'>Virgine</span> <span class='ocrx_word' id='word_1_161' title='bbox 1424 2569 1565 2642; x_wconf 92' lang='lat' dir='ltr'>natum,</span> <span class='ocrx_word' id='word_1_162' title='bbox 1581 2579 1647 2625; x_wconf 91' lang='lat' dir='ltr'>cur</span> <span class='ocrx_word' id='word_1_163' title='bbox 1661 2554 1808 2630; x_wconf 85' lang='lat' dir='ltr'>credere</span> 
     </span>
     <span class='ocr_line' id='line_1_17' title="bbox 416 2672 1807 2776; baseline 0.004 -32"><span class='ocrx_word' id='word_1_164' title='bbox 416 2708 433 2744; x_wconf 76' lang='lat' dir='ltr'>u</span> <span class='ocrx_word' id='word_1_165' title='bbox 452 2673 646 2776; x_wconf 75' lang='lat' dir='ltr'>respuitis?</span> <span class='ocrx_word' id='word_1_166' title='bbox 669 2705 688 2744; x_wconf 84' lang='lat' dir='ltr'>u</span> <span class='ocrx_word' id='word_1_167' title='bbox 716 2674 764 2747; x_wconf 87' lang='lat' dir='ltr'>At</span> <span class='ocrx_word' id='word_1_168' title='bbox 786 2676 837 2748; x_wconf 93' lang='lat' dir='ltr'>illi</span> <span class='ocrx_word' id='word_1_169' title='bbox 858 2675 1061 2747; x_wconf 88' lang='lat' dir='ltr'>dixerunt:</span> <span class='ocrx_word' id='word_1_170' title='bbox 1092 2704 1110 2741; x_wconf 86' lang='lat' dir='ltr'>u</span> <span class='ocrx_word' id='word_1_171' title='bbox 1137 2672 1245 2766; x_wconf 87' lang='lat' dir='ltr'>Quod</span> <span class='ocrx_word' id='word_1_172' title='bbox 1269 2690 1398 2745; x_wconf 89' lang='lat' dir='ltr'>natura</span> <span class='ocrx_word' id='word_1_173' title='bbox 1422 2672 1593 2774; x_wconf 90' lang='lat' dir='ltr'>denegat,</span> <span class='ocrx_word' id='word_1_174' title='bbox 1623 2702 1764 2776; x_wconf 89' lang='lat' dir='ltr'>semper</span> <span class='ocrx_word' id='word_1_175' title='bbox 1788 2707 1807 2750; x_wconf 92' lang='lat' dir='ltr'>a</span> 
     </span>
     <span class='ocr_line' id='line_1_18' title="bbox 416 2793 1807 2899; baseline 0.006 -33"><span class='ocrx_word' id='word_1_176' title='bbox 416 2831 434 2868; x_wconf 81' lang='lat' dir='ltr'>u</span> <span class='ocrx_word' id='word_1_177' title='bbox 451 2816 612 2872; x_wconf 88' lang='lat' dir='ltr'>creatore</span> <span class='ocrx_word' id='word_1_178' title='bbox 628 2797 817 2896; x_wconf 87' lang='lat' dir='ltr'>discrepat.</span> <span class='ocrx_word' id='word_1_179' title='bbox 834 2827 852 2865; x_wconf 82' lang='lat' dir='ltr'>u</span> <span class='ocrx_word' id='word_1_180' title='bbox 872 2794 1013 2889; x_wconf 85' lang='lat' dir='ltr'>Quibus</span> <span class='ocrx_word' id='word_1_181' title='bbox 1030 2793 1163 2893; x_wconf 84' lang='lat' dir='ltr'>praesul</span> <span class='ocrx_word' id='word_1_182' title='bbox 1179 2793 1385 2893; x_wconf 90' lang='lat' dir='ltr'>respondit,</span> <span class='ocrx_word' id='word_1_183' title='bbox 1402 2795 1548 2868; x_wconf 76' lang='lat' dir='ltr'>dicensz</span> <span class='ocrx_word' id='word_1_184' title='bbox 1568 2827 1585 2866; x_wconf 83' lang='lat' dir='ltr'>u</span> <span class='ocrx_word' id='word_1_185' title='bbox 1602 2798 1807 2899; x_wconf 86' lang='lat' dir='ltr'>Antequam</span> 
     </span>
     <span class='ocr_line' id='line_1_19' title="bbox 415 2915 1805 3022; baseline 0.006 -34"><span class='ocrx_word' id='word_1_186' title='bbox 415 2952 433 2988; x_wconf 80' lang='lat' dir='ltr'>u</span> <span class='ocrx_word' id='word_1_187' title='bbox 449 2922 644 3022; x_wconf 89' lang='lat' dir='ltr'>quicquam</span> <span class='ocrx_word' id='word_1_188' title='bbox 663 2917 765 2991; x_wconf 90' lang='lat' dir='ltr'>fieret</span> <span class='ocrx_word' id='word_1_189' title='bbox 778 2944 844 3018; x_wconf 85' lang='lat' dir='ltr'>per</span> <span class='ocrx_word' id='word_1_190' title='bbox 857 2935 1044 3004; x_wconf 89' lang='lat' dir='ltr'>naturam,</span> <span class='ocrx_word' id='word_1_191' title='bbox 1065 2942 1140 2989; x_wconf 92' lang='lat' dir='ltr'>non</span> <span class='ocrx_word' id='word_1_192' title='bbox 1156 2915 1302 2989; x_wconf 89' lang='lat' dir='ltr'>creditis</span> <span class='ocrx_word' id='word_1_193' title='bbox 1318 2941 1383 3015; x_wconf 90' lang='lat' dir='ltr'>per</span> <span class='ocrx_word' id='word_1_194' title='bbox 1399 2915 1518 2990; x_wconf 90' lang='lat' dir='ltr'>filium</span> <span class='ocrx_word' id='word_1_195' title='bbox 1533 2921 1650 2993; x_wconf 88' lang='lat' dir='ltr'>Deum</span> <span class='ocrx_word' id='word_1_196' title='bbox 1665 2939 1805 3021; x_wconf 87' lang='lat' dir='ltr'>patrem</span> 
     </span>
     <span class='ocr_line' id='line_1_20' title="bbox 415 3037 1804 3119; baseline 0.005 -7"><span class='ocrx_word' id='word_1_197' title='bbox 415 3075 433 3113; x_wconf 83' lang='lat' dir='ltr'>u</span> <span class='ocrx_word' id='word_1_198' title='bbox 449 3042 573 3117; x_wconf 84' lang='lat' dir='ltr'>fecisse</span> <span class='ocrx_word' id='word_1_199' title='bbox 604 3042 726 3116; x_wconf 92' lang='lat' dir='ltr'>omnia</span> <span class='ocrx_word' id='word_1_200' title='bbox 757 3067 801 3115; x_wconf 86' lang='lat' dir='ltr'>ex</span> <span class='ocrx_word' id='word_1_201' title='bbox 824 3038 987 3115; x_wconf 69' lang='lat' dir='ltr'>nichilo?</span> <span class='ocrx_word' id='word_1_202' title='bbox 1015 3071 1032 3109; x_wconf 79' lang='lat' dir='ltr'>u</span> <span class='ocrx_word' id='word_1_203' title='bbox 1058 3039 1123 3111; x_wconf 90' lang='lat' dir='ltr'>Cui</span> <span class='ocrx_word' id='word_1_204' title='bbox 1146 3040 1289 3112; x_wconf 86' lang='lat' dir='ltr'>alienati</span> <span class='ocrx_word' id='word_1_205' title='bbox 1312 3067 1332 3111; x_wconf 91' lang='lat' dir='ltr'>a</span> <span class='ocrx_word' id='word_1_206' title='bbox 1361 3037 1432 3117; x_wconf 83' lang='lat' dir='ltr'>fide</span> <span class='ocrx_word' id='word_1_207' title='bbox 1460 3037 1632 3113; x_wconf 88' lang='lat' dir='ltr'>dixerunt</span> <span class='ocrx_word' id='word_1_208' title='bbox 1661 3074 1668 3114; x_wconf 90' lang='lat'>:</span> <span class='ocrx_word' id='word_1_209' title='bbox 1700 3074 1717 3113; x_wconf 85' lang='lat' dir='ltr'>u</span> <span class='ocrx_word' id='word_1_210' title='bbox 1735 3047 1804 3119; x_wconf 82' lang='lat' dir='ltr'>leta</span> 
     </span>
     <span class='ocr_line' id='line_1_21' title="bbox 415 3159 1805 3263; baseline 0.005 -29"><span class='ocrx_word' id='word_1_211' title='bbox 415 3197 433 3235; x_wconf 81' lang='lat' dir='ltr'>u</span> <span class='ocrx_word' id='word_1_212' title='bbox 451 3164 521 3237; x_wconf 92' lang='lat' dir='ltr'>illis</span> <span class='ocrx_word' id='word_1_213' title='bbox 534 3190 678 3237; x_wconf 89' lang='lat' dir='ltr'>narrare</span> <span class='ocrx_word' id='word_1_214' title='bbox 695 3180 815 3263; x_wconf 90' lang='lat' dir='ltr'>potes,</span> <span class='ocrx_word' id='word_1_215' title='bbox 831 3162 895 3262; x_wconf 91' lang='lat' dir='ltr'>qui</span> <span class='ocrx_word' id='word_1_216' title='bbox 911 3176 1053 3233; x_wconf 87' lang='lat' dir='ltr'>terrena</span> <span class='ocrx_word' id='word_1_217' title='bbox 1064 3162 1211 3262; x_wconf 91' lang='lat' dir='ltr'>sapiunt</span> <span class='ocrx_word' id='word_1_218' title='bbox 1221 3178 1330 3261; x_wconf 91' lang='lat' dir='ltr'>atque</span> <span class='ocrx_word' id='word_1_219' title='bbox 1343 3159 1497 3234; x_wconf 89' lang='lat' dir='ltr'>credunt</span> <span class='ocrx_word' id='word_1_220' title='bbox 1510 3160 1594 3237; x_wconf 88' lang='lat' dir='ltr'>ficta</span> <span class='ocrx_word' id='word_1_221' title='bbox 1607 3167 1805 3241; x_wconf 90' lang='lat' dir='ltr'>carnalium</span> 
     </span>
     <span class='ocr_line' id='line_1_22' title="bbox 413 3283 1806 3390; baseline 0.006 -36"><span class='ocrx_word' id='word_1_222' title='bbox 413 3319 431 3356; x_wconf 75' lang='lat' dir='ltr'>a</span> <span class='ocrx_word' id='word_1_223' title='bbox 448 3287 657 3376; x_wconf 92' lang='lat' dir='ltr'>hominum,</span> <span class='ocrx_word' id='word_1_224' title='bbox 679 3287 810 3385; x_wconf 87' lang='lat' dir='ltr'>scripta</span> <span class='ocrx_word' id='word_1_225' title='bbox 828 3286 866 3356; x_wconf 92' lang='lat' dir='ltr'>in</span> <span class='ocrx_word' id='word_1_226' title='bbox 883 3283 1142 3358; x_wconf 89' lang='lat' dir='ltr'>membranulis</span> <span class='ocrx_word' id='word_1_227' title='bbox 1161 3284 1389 3375; x_wconf 75' lang='lat' dir='ltr'>animalium,</span> <span class='ocrx_word' id='word_1_228' title='bbox 1409 3283 1518 3359; x_wconf 90' lang='lat' dir='ltr'>nobis</span> <span class='ocrx_word' id='word_1_229' title='bbox 1531 3301 1654 3359; x_wconf 88' lang='lat' dir='ltr'>autern</span> <span class='ocrx_word' id='word_1_230' title='bbox 1669 3290 1732 3390; x_wconf 90' lang='lat' dir='ltr'>qui</span> <span class='ocrx_word' id='word_1_231' title='bbox 1750 3290 1806 3363; x_wconf 94' lang='lat' dir='ltr'>le-</span> 
     </span>
     <span class='ocr_line' id='line_1_23' title="bbox 414 3405 1806 3513; baseline 0.004 -34"><span class='ocrx_word' id='word_1_232' title='bbox 414 3441 430 3480; x_wconf 79' lang='lat'>«</span> <span class='ocrx_word' id='word_1_233' title='bbox 449 3437 531 3513; x_wconf 91' lang='lat' dir='ltr'>gem</span> <span class='ocrx_word' id='word_1_234' title='bbox 557 3411 728 3509; x_wconf 90' lang='lat' dir='ltr'>scriptam</span> <span class='ocrx_word' id='word_1_235' title='bbox 751 3407 923 3482; x_wconf 89' lang='lat' dir='ltr'>habemus</span> <span class='ocrx_word' id='word_1_236' title='bbox 950 3408 989 3479; x_wconf 91' lang='lat' dir='ltr'>in</span> <span class='ocrx_word' id='word_1_237' title='bbox 1017 3407 1183 3482; x_wconf 89' lang='lat' dir='ltr'>interiori</span> <span class='ocrx_word' id='word_1_238' title='bbox 1207 3405 1355 3482; x_wconf 92' lang='lat' dir='ltr'>homine</span> <span class='ocrx_word' id='word_1_239' title='bbox 1376 3435 1396 3481; x_wconf 91' lang='lat' dir='ltr'>a</span> <span class='ocrx_word' id='word_1_240' title='bbox 1422 3407 1562 3506; x_wconf 89' lang='lat' dir='ltr'>Spiritu</span> <span class='ocrx_word' id='word_1_241' title='bbox 1587 3410 1741 3502; x_wconf 89' lang='lat' dir='ltr'>Sancto,</span> <span class='ocrx_word' id='word_1_242' title='bbox 1769 3430 1806 3487; x_wconf 88' lang='lat' dir='ltr'>et</span> 
     </span>
     <span class='ocr_line' id='line_1_24' title="bbox 414 3526 1807 3629; baseline 0.004 -27"><span class='ocrx_word' id='word_1_243' title='bbox 414 3532 562 3606; x_wconf 81' lang='lat' dir='ltr'>«nichil</span> <span class='ocrx_word' id='word_1_244' title='bbox 583 3529 681 3604; x_wconf 89' lang='lat' dir='ltr'>aliud</span> <span class='ocrx_word' id='word_1_245' title='bbox 701 3531 874 3629; x_wconf 90' lang='lat' dir='ltr'>sapimus,</span> <span class='ocrx_word' id='word_1_246' title='bbox 896 3529 966 3602; x_wconf 90' lang='lat' dir='ltr'>nisi</span> <span class='ocrx_word' id='word_1_247' title='bbox 989 3526 1087 3628; x_wconf 91' lang='lat' dir='ltr'>quod</span> <span class='ocrx_word' id='word_1_248' title='bbox 1106 3556 1125 3601; x_wconf 92' lang='lat' dir='ltr'>a</span> <span class='ocrx_word' id='word_1_249' title='bbox 1144 3532 1219 3603; x_wconf 88' lang='lat' dir='ltr'>Deo</span> <span class='ocrx_word' id='word_1_250' title='bbox 1227 3584 1238 3617; x_wconf 91' lang='lat'>,</span> <span class='ocrx_word' id='word_1_251' title='bbox 1259 3530 1427 3603; x_wconf 91' lang='lat' dir='ltr'>omnium</span> <span class='ocrx_word' id='word_1_252' title='bbox 1449 3529 1657 3622; x_wconf 87' lang='lat' dir='ltr'>conditore,</span> <span class='ocrx_word' id='word_1_253' title='bbox 1680 3533 1807 3608; x_wconf 89' lang='lat' dir='ltr'>didici-</span> 
     </span>
     <span class='ocr_line' id='line_1_25' title="bbox 415 3649 1807 3752; baseline 0.003 -28"><span class='ocrx_word' id='word_1_254' title='bbox 415 3686 432 3724; x_wconf 85' lang='lat' dir='ltr'>u</span> <span class='ocrx_word' id='word_1_255' title='bbox 449 3681 550 3745; x_wconf 90' lang='lat' dir='ltr'>mus,</span> <span class='ocrx_word' id='word_1_256' title='bbox 577 3656 755 3727; x_wconf 89' lang='lat' dir='ltr'>incassum</span> <span class='ocrx_word' id='word_1_257' title='bbox 777 3649 956 3752; x_wconf 88' lang='lat' dir='ltr'>superflua</span> <span class='ocrx_word' id='word_1_258' title='bbox 973 3667 1010 3724; x_wconf 88' lang='lat' dir='ltr'>et</span> <span class='ocrx_word' id='word_1_259' title='bbox 1027 3677 1047 3723; x_wconf 90' lang='lat' dir='ltr'>a</span> <span class='ocrx_word' id='word_1_260' title='bbox 1066 3652 1263 3726; x_wconf 86' lang='lat' dir='ltr'>Divinitatc</span> <span class='ocrx_word' id='word_1_261' title='bbox 1280 3651 1379 3724; x_wconf 87' lang='lat' dir='ltr'>devia</span> <span class='ocrx_word' id='word_1_262' title='bbox 1397 3651 1553 3750; x_wconf 85' lang='lat' dir='ltr'>profers.</span> <span class='ocrx_word' id='word_1_263' title='bbox 1574 3655 1709 3732; x_wconf 90' lang='lat' dir='ltr'>Iccirco</span> <span class='ocrx_word' id='word_1_264' title='bbox 1728 3683 1807 3730; x_wconf 89' lang='lat' dir='ltr'>ver·</span> 
     </span>
     <span class='ocr_line' id='line_1_26' title="bbox 414 3773 1805 3879; baseline 0.004 -33"><span class='ocrx_word' id='word_1_265' title='bbox 414 3808 433 3847; x_wconf 82' lang='lat' dir='ltr'>a</span> <span class='ocrx_word' id='word_1_266' title='bbox 449 3777 505 3850; x_wconf 88' lang='lat' dir='ltr'>bis</span> <span class='ocrx_word' id='word_1_267' title='bbox 527 3777 638 3853; x_wconf 87' lang='lat' dir='ltr'>finem</span> <span class='ocrx_word' id='word_1_268' title='bbox 660 3778 827 3875; x_wconf 88' lang='lat' dir='ltr'>impone,</span> <span class='ocrx_word' id='word_1_269' title='bbox 851 3799 892 3848; x_wconf 89' lang='lat' dir='ltr'>ac</span> <span class='ocrx_word' id='word_1_270' title='bbox 913 3773 957 3848; x_wconf 91' lang='lat' dir='ltr'>de</span> <span class='ocrx_word' id='word_1_271' title='bbox 983 3773 1090 3850; x_wconf 88' lang='lat' dir='ltr'>nobis</span> <span class='ocrx_word' id='word_1_272' title='bbox 1114 3773 1290 3876; x_wconf 89' lang='lat' dir='ltr'>quioquid</span> <span class='ocrx_word' id='word_1_273' title='bbox 1313 3775 1400 3848; x_wconf 89' lang='lat' dir='ltr'>velis</span> <span class='ocrx_word' id='word_1_274' title='bbox 1427 3775 1551 3850; x_wconf 81' lang='lat' dir='ltr'>facito.</span> <span class='ocrx_word' id='word_1_275' title='bbox 1579 3777 1659 3850; x_wconf 88' lang='lat' dir='ltr'>Jam</span> <span class='ocrx_word' id='word_1_276' title='bbox 1683 3804 1805 3879; x_wconf 86' lang='lat' dir='ltr'>regem</span> 
     </span>
     <span class='ocr_line' id='line_1_27' title="bbox 415 3896 1806 3998; baseline 0.004 -31"><span class='ocrx_word' id='word_1_277' title='bbox 415 3932 432 3969; x_wconf 78' lang='lat' dir='ltr'>a</span> <span class='ocrx_word' id='word_1_278' title='bbox 451 3917 619 3975; x_wconf 89' lang='lat' dir='ltr'>nostrum</span> <span class='ocrx_word' id='word_1_279' title='bbox 633 3901 670 3971; x_wconf 95' lang='lat' dir='ltr'>in</span> <span class='ocrx_word' id='word_1_280' title='bbox 685 3897 892 3973; x_wconf 87' lang='lat' dir='ltr'>coelestibus</span> <span class='ocrx_word' id='word_1_281' title='bbox 905 3912 1119 3998; x_wconf 85' lang='lat' dir='ltr'>regnantem</span> <span class='ocrx_word' id='word_1_282' title='bbox 1132 3897 1307 3987; x_wconf 90' lang='lat' dir='ltr'>videmus,</span> <span class='ocrx_word' id='word_1_283' title='bbox 1321 3898 1384 3997; x_wconf 92' lang='lat' dir='ltr'>qui</span> <span class='ocrx_word' id='word_1_284' title='bbox 1397 3896 1443 3971; x_wconf 89' lang='lat' dir='ltr'>ad</span> <span class='ocrx_word' id='word_1_285' title='bbox 1457 3898 1667 3974; x_wconf 87' lang='lat' dir='ltr'>inmortales</span> <span class='ocrx_word' id='word_1_286' title='bbox 1681 3903 1806 3974; x_wconf 91' lang='lat' dir='ltr'>trium·</span> 
     </span>
     <span class='ocr_line' id='line_1_28' title="bbox 414 4018 1534 4121; baseline -0.002 -30"><span class='ocrx_word' id='word_1_287' title='bbox 414 4055 432 4092; x_wconf 80' lang='lat' dir='ltr'>u</span> <span class='ocrx_word' id='word_1_288' title='bbox 449 4022 540 4121; x_wconf 89' lang='lat' dir='ltr'>phos</span> <span class='ocrx_word' id='word_1_289' title='bbox 556 4022 702 4097; x_wconf 86' lang='lat' dir='ltr'>dextera</span> <span class='ocrx_word' id='word_1_290' title='bbox 720 4047 781 4093; x_wconf 91' lang='lat' dir='ltr'>sua</span> <span class='ocrx_word' id='word_1_291' title='bbox 799 4046 866 4095; x_wconf 91' lang='lat' dir='ltr'>nos</span> <span class='ocrx_word' id='word_1_292' title='bbox 882 4018 1066 4108; x_wconf 87' lang='lat' dir='ltr'>sublevat,</span> <span class='ocrx_word' id='word_1_293' title='bbox 1083 4018 1171 4092; x_wconf 92' lang='lat' dir='ltr'>dans</span> <span class='ocrx_word' id='word_1_294' title='bbox 1187 4043 1343 4119; x_wconf 89' lang='lat' dir='ltr'>superna</span> <span class='ocrx_word' id='word_1_295' title='bbox 1359 4018 1497 4119; x_wconf 89' lang='lat' dir='ltr'>gaudia.</span> <span class='ocrx_word' id='word_1_296' title='bbox 1516 4052 1534 4089; x_wconf 79' lang='lat' dir='ltr'>n</span> 
     </span>
    </p>

    <p class='ocr_par' dir='ltr' id='par_1_3' title="bbox 411 4139 1806 4736">
     <span class='ocr_line' id='line_1_29' title="bbox 460 4139 1806 4246; baseline 0.002 -29"><span class='ocrx_word' id='word_1_297' title='bbox 460 4145 624 4246; x_wconf 87' lang='lat' dir='ltr'>Cumque</span> <span class='ocrx_word' id='word_1_298' title='bbox 640 4144 685 4217; x_wconf 97' lang='lat' dir='ltr'>ab</span> <span class='ocrx_word' id='word_1_299' title='bbox 704 4142 793 4218; x_wconf 88' lang='lat' dir='ltr'>hora</span> <span class='ocrx_word' id='word_1_300' title='bbox 808 4141 879 4217; x_wconf 91' lang='lat' dir='ltr'>diei</span> <span class='ocrx_word' id='word_1_301' title='bbox 895 4142 1012 4241; x_wconf 91' lang='lat' dir='ltr'>prima</span> <span class='ocrx_word' id='word_1_302' title='bbox 1031 4167 1145 4243; x_wconf 87' lang='lat' dir='ltr'>usque</span> <span class='ocrx_word' id='word_1_303' title='bbox 1161 4141 1204 4215; x_wconf 91' lang='lat' dir='ltr'>ad</span> <span class='ocrx_word' id='word_1_304' title='bbox 1220 4139 1348 4217; x_wconf 91' lang='lat' dir='ltr'>horam</span> <span class='ocrx_word' id='word_1_305' title='bbox 1365 4168 1501 4217; x_wconf 91' lang='lat' dir='ltr'>nonam</span> <span class='ocrx_word' id='word_1_306' title='bbox 1518 4144 1715 4218; x_wconf 78' lang='lat' dir='ltr'>multifaria</span> <span class='ocrx_word' id='word_1_307' title='bbox 1732 4147 1806 4220; x_wconf 90' lang='lat' dir='ltr'>elu-</span> 
     </span>
     <span class='ocr_line' id='line_1_30' title="bbox 411 4264 1805 4366; baseline 0.003 -27"><span class='ocrx_word' id='word_1_308' title='bbox 411 4267 585 4343; x_wconf 88' lang='lat' dir='ltr'>borarent</span> <span class='ocrx_word' id='word_1_309' title='bbox 601 4293 745 4356; x_wconf 89' lang='lat' dir='ltr'>omnes,</span> <span class='ocrx_word' id='word_1_310' title='bbox 765 4282 807 4338; x_wconf 91' lang='lat' dir='ltr'>ut</span> <span class='ocrx_word' id='word_1_311' title='bbox 823 4266 904 4339; x_wconf 88' lang='lat' dir='ltr'>illos</span> <span class='ocrx_word' id='word_1_312' title='bbox 924 4291 943 4337; x_wconf 93' lang='lat' dir='ltr'>a</span> <span class='ocrx_word' id='word_1_313' title='bbox 960 4291 1027 4340; x_wconf 92' lang='lat' dir='ltr'>suo</span> <span class='ocrx_word' id='word_1_314' title='bbox 1045 4264 1194 4341; x_wconf 87' lang='lat' dir='ltr'>herrore</span> <span class='ocrx_word' id='word_1_315' title='bbox 1210 4283 1439 4355; x_wconf 87' lang='lat' dir='ltr'>revocarent,</span> <span class='ocrx_word' id='word_1_316' title='bbox 1459 4281 1496 4339; x_wconf 90' lang='lat' dir='ltr'>et</span> <span class='ocrx_word' id='word_1_317' title='bbox 1512 4268 1599 4366; x_wconf 91' lang='lat' dir='ltr'>ipsi,</span> <span class='ocrx_word' id='word_1_318' title='bbox 1617 4268 1716 4345; x_wconf 85' lang='lat' dir='ltr'>ferro</span> <span class='ocrx_word' id='word_1_319' title='bbox 1733 4268 1805 4343; x_wconf 92' lang='lat' dir='ltr'>du-</span> 
     </span>
     <span class='ocr_line' id='line_1_31' title="bbox 411 4389 1804 4489; baseline 0.001 -27"><span class='ocrx_word' id='word_1_320' title='bbox 411 4392 545 4478; x_wconf 87' lang='lat' dir='ltr'>riores,</span> <span class='ocrx_word' id='word_1_321' title='bbox 570 4391 720 4464; x_wconf 92' lang='lat' dir='ltr'>minime</span> <span class='ocrx_word' id='word_1_322' title='bbox 743 4390 1012 4487; x_wconf 90' lang='lat' dir='ltr'>resipiscerent,</span> <span class='ocrx_word' id='word_1_323' title='bbox 1031 4390 1119 4488; x_wconf 91' lang='lat' dir='ltr'>jussi</span> <span class='ocrx_word' id='word_1_324' title='bbox 1140 4405 1227 4463; x_wconf 91' lang='lat' dir='ltr'>sunt</span> <span class='ocrx_word' id='word_1_325' title='bbox 1243 4389 1375 4489; x_wconf 92' lang='lat' dir='ltr'>singuli</span> <span class='ocrx_word' id='word_1_326' title='bbox 1395 4390 1503 4462; x_wconf 89' lang='lat' dir='ltr'>sacris</span> <span class='ocrx_word' id='word_1_327' title='bbox 1524 4389 1684 4467; x_wconf 74' lang='lat' dir='ltr'>vestibus</span> <span class='ocrx_word' id='word_1_328' title='bbox 1702 4390 1804 4465; x_wconf 89' lang='lat' dir='ltr'>indui</span> 
     </span>
     <span class='ocr_line' id='line_1_32' title="bbox 412 4511 1805 4614; baseline 0.002 -29"><span class='ocrx_word' id='word_1_329' title='bbox 412 4515 450 4586; x_wconf 90' lang='lat' dir='ltr'>in</span> <span class='ocrx_word' id='word_1_330' title='bbox 468 4541 533 4588; x_wconf 90' lang='lat' dir='ltr'>suo</span> <span class='ocrx_word' id='word_1_331' title='bbox 553 4514 701 4602; x_wconf 91' lang='lat' dir='ltr'>ordine,</span> <span class='ocrx_word' id='word_1_332' title='bbox 724 4513 918 4613; x_wconf 88' lang='lat' dir='ltr'>statimque</span> <span class='ocrx_word' id='word_1_333' title='bbox 936 4511 981 4584; x_wconf 92' lang='lat' dir='ltr'>ab</span> <span class='ocrx_word' id='word_1_334' title='bbox 1001 4511 1192 4586; x_wconf 88' lang='lat' dir='ltr'>antistibus</span> <span class='ocrx_word' id='word_1_335' title='bbox 1212 4540 1233 4586; x_wconf 92' lang='lat' dir='ltr'>a</span> <span class='ocrx_word' id='word_1_336' title='bbox 1255 4514 1408 4613; x_wconf 89' lang='lat' dir='ltr'>proprio</span> <span class='ocrx_word' id='word_1_337' title='bbox 1426 4511 1567 4589; x_wconf 88' lang='lat' dir='ltr'>honore</span> <span class='ocrx_word' id='word_1_338' title='bbox 1585 4530 1672 4586; x_wconf 91' lang='lat' dir='ltr'>sunt</span> <span class='ocrx_word' id='word_1_339' title='bbox 1692 4512 1805 4614; x_wconf 90' lang='lat' dir='ltr'>depo-</span> 
     </span>
     <span class='ocr_line' id='line_1_33' title="bbox 411 4632 1803 4736; baseline 0.001 -29"><span class='ocrx_word' id='word_1_340' title='bbox 411 4637 487 4725; x_wconf 87' lang='lat' dir='ltr'>siti,</span> <span class='ocrx_word' id='word_1_341' title='bbox 510 4653 565 4725; x_wconf 90' lang='lat' dir='ltr'>et,</span> <span class='ocrx_word' id='word_1_342' title='bbox 589 4662 673 4736; x_wconf 89' lang='lat' dir='ltr'>rege</span> <span class='ocrx_word' id='word_1_343' title='bbox 689 4633 863 4735; x_wconf 86' lang='lat' dir='ltr'>jubente,</span> <span class='ocrx_word' id='word_1_344' title='bbox 882 4632 1092 4709; x_wconf 85' lang='lat' dir='ltr'>Constantia</span> <span class='ocrx_word' id='word_1_345' title='bbox 1115 4634 1239 4736; x_wconf 86' lang='lat' dir='ltr'>regina</span> <span class='ocrx_word' id='word_1_346' title='bbox 1259 4651 1342 4709; x_wconf 88' lang='lat' dir='ltr'>ante</span> <span class='ocrx_word' id='word_1_347' title='bbox 1362 4634 1480 4709; x_wconf 85' lang='lat' dir='ltr'>valvas</span> <span class='ocrx_word' id='word_1_348' title='bbox 1502 4634 1658 4709; x_wconf 79' lang='lat' dir='ltr'>basilicae</span> <span class='ocrx_word' id='word_1_349' title='bbox 1680 4638 1803 4725; x_wconf 83' lang='lat' dir='ltr'>stetit,</span> 
     </span>
    </p>
   </div>
   <div class='ocr_carea' id='block_1_3' title="bbox 455 4897 670 4979">
    <p class='ocr_par' dir='ltr' id='par_1_4' title="bbox 455 4897 670 4979">
     <span class='ocr_line' id='line_1_34' title="bbox 455 4897 670 4979; baseline 0.009 -21"><span class='ocrx_word' id='word_1_350' title='bbox 455 4908 464 4934; x_wconf 88' lang='lat'>¹</span> <span class='ocrx_word' id='word_1_351' title='bbox 479 4897 537 4972; x_wconf 86' lang='lat' dir='ltr'>Sic,</span> <span class='ocrx_word' id='word_1_352' title='bbox 552 4919 605 4979; x_wconf 90' lang='lat' dir='ltr'>pro</span> <span class='ocrx_word' id='word_1_353' title='bbox 617 4898 670 4961; x_wconf 83' lang='lat' dir='ltr'>ad.</span> 
     </span>
    </p>
   </div>
   <div class='ocr_carea' id='block_1_4' title="bbox 0 0 2238 6116">
    <p class='ocr_par' dir='ltr' id='par_1_5' title="bbox 0 0 2238 6116">
     <span class='ocr_line' id='line_1_35' title="bbox 0 0 2238 6116; baseline 0 0"><span class='ocrx_word' id='word_1_354' title='bbox 0 0 2238 6116; x_wconf 95' lang='lat' dir='ltr'> </span> 
     </span>
    </p>
   </div>
  </div>
 </body>
</html>
