4462 6120
733 753 769 823 S.
798 748 945 822 annt
961 745 1300 822 GARNOTENSIS.
1638 740 1703 818 ltl
1824 770 1827 775 ·

323 891 565 991 calumpniam
583 895 621 967 in
640 896 777 969 curiam
796 899 939 971 comitis
957 896 1157 971 eraderent.
1177 896 1263 968 llaec
1283 893 1479 970 concordia
1495 897 1532 967 in
1550 894 1712 994 episcopi

323 1012 420 1084 curia
442 1012 535 1087 facta
555 1015 628 1088 fuit
639 1046 650 1105 ;
676 1033 713 1090 et
734 1019 982 1093 interfuerunt
1003 1018 1130 1106 multi,
1157 1043 1200 1090 ex
1220 1015 1355 1118 quibus
1371 1012 1711 1117 quidam-biosub-

323 1135 448 1233 scripti
475 1154 560 1210 sunt
581 1168 590 1210 ε
609 1139 755 1229 Nivclo,
775 1139 946 1214 Albertus
966 1140 1009 1213 de
1035 1138 1279 1228 Gualardone,
1308 1141 1485 1239 Rogerius
1511 1135 1707 1237 podardus,

325 1256 453 1330 llaimo
463 1255 646 1348 barbatus,
660 1262 833 1362 Girogius
845 1263 1008 1351 clericus,
1024 1261 1544 1339 HerbertusCarnotensis.'Ex
1553 1259 1707 1334 nostris:

324 1373 444 1471 Dodo,
457 1379 705 1472 Herbrannus,
717 1382 915 1479 Adventus,
927 1383 1127 1472 Teduinus,
1141 1382 1366 1471 Lambertus,
1376 1381 1588 1470 Labaddon3
1603 1379 1712 1453 Gaus-

321 1495 462 1590 fredus,
483 1499 628 1575 filiaster
643 1501 800 1579 Osberti.
818 1535 836 1575 a

704 1817 1070 1908 CAPITULUM
1104 1813 1335 1902 XXXIV.

586 2087 714 2147 Donatio
731 2088 970 2149 consuetudinum
984 2088 1068 2168 burgi
1083 2109 1100 2145 a
1115 2085 1254 2146 Gilduino
1269 2086 1445 2145 vicecomite.

375 2382 396 2419 π
416 2343 596 2442 Quoniam
616 2369 762 2425 certum
780 2368 833 2427 est
855 2372 1061 2455 {eternaque
1086 2356 1164 2454 lege
1188 2356 1367 2453 positum,
1390 2371 1433 2425 ut
1454 2350 1567 2426 nichil
1593 2365 1717 2424 contet
1741 2344 1933 2408 ²⁹⁸P'¹¹·¹⁰⁴⁶·

324 2474 514 2570 genitum,
545 2477 684 2547 cunctis
709 2478 880 2574 congruit
905 2476 1091 2548 christiani
1105 2477 1278 2548 *nominis
1302 2477 1341 2547 in
1367 2470 1437 2548 boc
1459 2473 1620 2548 fortunae
1643 2473 1717 2546 salo

326 2586 475 2690 positis,
495 2620 571 2667 non
589 2595 731 2668 credere
746 2595 933 2694 fugacibus
949 2597 1056 2670 bonis
1064 2626 1075 2685 ς
1098 2595 1321 2696 pensandum
1335 2610 1387 2666 est
1400 2593 1507 2667 nobis
1521 2596 1642 2692 itaque
1657 2609 1716 2680 ut,

328 2710 442 2812 digno
456 2714 581 2788 fructu
606 2718 832 2814 poenitentiae
856 2720 992 2817 pariter
1014 2735 1051 2791 et
1074 2717 1298 2803 elemosinae,
1323 2741 1526 2788 mereamur
1549 2712 1720 2813 gaudium

329 2835 406 2909 sinc
420 2836 492 2909 fine
501 2890 512 2925 ,
532 2840 693 2936 rapiente
710 2865 777 2912 nos
792 2866 872 2914 sero
891 2839 961 2914 die.
980 2842 1093 2939 llujus
1109 2841 1162 2912 rei
1178 2840 1311 2939 gratia,
1331 2863 1398 2937 ego
1414 2834 1560 2938 quidem
1578 2835 1721 2908 Gildui-

329 2951 415 3043 nus,
437 2960 633 3030 vicecomes
650 2958 858 3034 Carnotinae
877 2957 996 3047 urbis,
1022 2986 1188 3060 uxorque
1211 2962 1378 3058 propria,
1403 2960 1552 3032 nomine
1572 2962 1722 3031 Emmc-

331 3077 423 3165 lina,
447 3105 519 3150 una
540 3106 624 3151 cum
648 3081 732 3153 filiis
753 3082 887 3154 nostris
909 3081 1142 3168 dulcissimis,
1168 3099 1292 3154 sancto
1317 3083 1445 3168 Petro,
1474 3080 1720 3179 apostolorum

330 3200 508 3299 principi,
529 3201 806 3275 consuetudines
821 3203 956 3276 scilicet
974 3206 1027 3275 sui
1053 3201 1237 3292 suburbii,
1265 3227 1345 3302 quae
1367 3203 1483 3298 nostri
1506 3217 1591 3271 sunt
1607 3202 1719 3299 juris,

331 3320 515 3420 gratanter
538 3319 786 3414 concedimus,
812 3323 855 3398 ut
879 3325 1046 3400 monachi
1068 3325 1197 3399 devote
1218 3325 1250 3397 ei
1277 3324 1469 3397 servientes
1488 3323 1526 3394 in
1548 3320 1721 3395 coenobio

331 3443 430 3543 quod
447 3446 556 3517 situm
574 3462 628 3518 est
642 3449 745 3545 juxta
761 3446 947 3546 praefatam
964 3446 1111 3536 urbem,
1129 3451 1188 3547 jus
1207 3444 1361 3518 habeant
1377 3442 1513 3519 orandi
1524 3470 1592 3542 pro
1609 3442 1722 3515 salute

331 3583 469 3661 nostra,
484 3583 520 3640 et
533 3570 683 3668 singulis
697 3570 813 3658 annis,
829 3586 912 3669 post
924 3584 1081 3644 mortem
1094 3568 1223 3659 carnis,
1240 3567 1468 3669 singulorum
1481 3566 1722 3640 anniversaria

331 3687 527 3761 celebrent.
546 3687 759 3762 Tribuimns
773 3692 882 3764 etiam
894 3718 1011 3764 unum
1025 3691 1236 3780 furnillum,
1253 3707 1403 3788 excepto
1418 3714 1544 3777 censu,
1561 3686 1606 3761 ab
1619 3689 1721 3764 omni

332 3810 593 3887 consuetudine
609 3810 785 3903 liberum,
806 3830 842 3887 et
858 3815 1023 3889 ortulum
1040 3811 1214 3887 arborum
1230 3814 1467 3887 laetissimum.
1488 3808 1589 3883 llanc
1602 3826 1724 3882 autem

333 3933 507 4005 cartulam
524 3933 746 4007 firmavimus
768 3935 901 4010 horum
925 3939 1135 4011 testimonio
1157 3947 1316 4039 quorum
1338 3935 1485 4009 nomina
1507 3932 1724 4030 subscripsi-

334 4081 431 4143 mus,
451 4058 555 4155 signo
574 4056 690 4129 crucis
708 4083 785 4129 eam
801 4057 1092 4133 corroborantes.
1109 4059 1302 4132 Gilduinus
1318 4059 1534 4143 vicecomes,
1553 4055 1615 4154 qui
1631 4051 1724 4125 hunc

332 4174 566 4252 donationem
586 4176 687 4251 fecit.
708 4180 914 4254 Harduinus
931 4182 1149 4269 vicecomes,
1177 4181 1273 4253 filius
1294 4183 1381 4278 ejus.
1404 4174 1609 4269 Elisabeth,
1630 4199 1725 4249 uxor

334 4298 502 4396 ejusdem.
532 4299 724 4375 Johannes·
741 4302 911 4375 medicus.
943 4305 1076 4380 Guiszo
1105 4303 1278 4377 medicus.
1310 4299 1501 4375 Gir-bertus
1529 4297 1721 4400 presbiter.

333 4417 546 4495 Goscelinus
561 4422 751 4520 presbiter.
772 4423 979 4499 Rodbertus
996 4427 1041 4499 de
1057 4425 1151 4502 Villa
1169 4426 1257 4497 Pali.
1277 4423 1512 4497 llerbrannus
1529 4419 1725 4494 de'Trans·

335 4542 459 4641 grandi
473 4544 603 4616 Ponte.
623 4543 798 4618 Rodulfus
810 4548 1007 4620 musculus.
1028 4543 1228 4637 Guarinus,
1247 4548 1415 4647 princeps
1435 4542 1607 4618 cocorum
1626 4541 1724 4614 vice·

335 4665 490 4736 comitis.
512 4662 723 4755 Durandus,
742 4669 915 4767 pincerna
934 4671 1089 4745 comitis.
1114 4669 1320 4758 Toduinus,
1340 4672 1455 4766 major
1471 4666 1592 4737 Sancti
1608 4663 1721 4738 Petri.

334 4784 522 4857 Ernulfus.
543 4785 733 4861 Durandus
750 4789 965 4865 cellerarius.
988 4793 1191 4894 Hugolinus
1210 4805 1328 4867 cocus.
1349 4787 1551 4863 Tedbcldus
1563 4784 1724 4860 'Boldar-

335 4905 414 4981 dus.
428 4908 564 4981 ¹Ericus
577 4934 690 5008 puer.
701 4913 751 4985 lll
768 4914 934 4989 kalendas
946 4917 1017 4988 mai
1036 4914 1105 4992 hoc
1117 4933 1265 4990 auctum
1281 4928 1353 5003 est,
1373 4925 1548 5011 regnante
1566 4910 1724 4983 invictis-
