4462 6120
439 729 489 797 ιιι
578 697 579 703 '
917 723 1378 823 uouasrnnutn

440 874 859 997 patriotamnoneraria
870 834 1100 973 procacitate,
1114 876 1282 974 inrogare
1291 823 1458 948 conetuin
1471 872 1518 944 Ut
1532 885 1656 961 autam
1666 869 1744 944 haec
1757 897 1834 944 car·

442 996 568 1067 tulum
580 994 672 1076 Dei
655 962 807 1101 npminc
821 994 1000 1069 firmiori
991 996 1172 1096 annitatur
1183 999 1321 1095 vigore,
1337 1010 1447 1068 manu
1462 996 1609 1095 propria
1624 992 1832 1092 subacripsi,

441 1108 770 1220 fidelibus-quoque
788 1119 877 1190 meis
893 1084 937 1227 ad
954 1116 1267 1192 corroborandum
1276 1116 1431 1193 aradidi.
1551 1190 1555 1195 .

493 1241 563 1313 «8.
587 1238 755 1327 Richardi
774 1222 930 1314 comitis.
951 1238 989 1310 S.
1008 1237 1182 1313 Rodberti
1209 1238 1482 1340 archiepiscopi.
1502 1238 1540 1312 S.
1560 1237 1728 1312 Herberti
1753 1238 1834 1337 epi·

440 1362 551 1459 scopi.
568 1362 605 1432 S.
620 1361 809 1437 Teoderici
821 1358 972 1433 abbatis.
993 1363 1031 1433 S.
1052 1361 1228 1435 Rodberti
1247 1363 1382 1435 clerici.
1399 1363 1436 1433 S.
1454 1363 1648 1461 Rajenarii,
1663 1362 1726 1462 qui
1743 1359 1834 1433 lianc

438 1481 676 1559 donationem
688 1482 788 1562 fecit.
810 1484 847 1555 S.
869 1482 1041 1555 Hunsridi
1058 1483 1102 1556 de
1119 1484 1331 1557 vetulabus.
1350 1515 1369 1552 u
1429 1480 1509 1553 ⁹³2⁴·-

488 1605 622 1678 Utrum
638 1602 734 1677 illius
748 1605 921 1703 temporis
936 1604 1104 1679 monachi
1120 1602 1345 1703 possederint
1358 1602 1414 1677 vel
1431 1601 1627 1685 bubuerint
1644 1603 1834 1702 praefatam

440 1727 654 1813 aecclesiam,
675 1729 820 1826 penitus
839 1750 987 1825 ignoro,
1007 1751 1092 1798 nam
1110 1751 1227 1827 neque
1245 1752 1322 1843 capt
1337 1723 1501 1797 babuisse
1516 1722 1562 1796 ab
1576 1726 1734 1825 antiquis
1751 1750 1834 1800 mo·

439 1848 561 1921 nachis
586 1848 703 1995 audivi
715 1903 726 1937 ,
751 1872 869 1949 neque
885 1875 905 1920 a
923 1848 1106 1922 modernis
1131 1851 1356 1983 mentionem
1379 1847 1535 1948 aliquam
1561 1847 1638 1921 fieri
1662 1871 1831 1947 umquam

437 1970 570 2045 audivi.

894 2130 1261 2256 cnrrruuuu
1295 2133 1383 2221 ιιι.

694 2357 739 2415 De
753 2350 858 2416 Btidun
871 2355 981 2416 Villare
994 2379 1010 2415 a
1023 2357 1157 2417 Teduiu‘o
1169 2358 1261 2417 milite
1276 2355 1382 2417 Sancto
1398 2358 1483 2416 Petro
1497 2356 1572 2416 dato.

271 2614 342 2645 nea.
396 2620 411 2644 ι.
490 2615 506 2649 u
530 2585 591 2655 ln·
613 2585 675 2656 Dei
696 2586 858 2658 nornine.
880 2586 960 2684 Ego
974 2584 1159 2658 Teduinus
1173 2612 1255 2660 cum
1272 2610 1384 2659 uxore
1398 2574 1662 2674 memnomiue
1676 2581 1829 2670 Adaiais,

438 2721 735 2805 recognoscentes
755 2733 821 2782 nos
838 2707 968 2780 multas
988 2708 1206 2783 offensiones
1221 2708 1421 2807 cxprcuisse
1438 2724 1522 2807 aitte
1540 2704 1663 2778 oculos
1681 2706 1829 2779 Domini

437 2844 473 2900 et
489 2844 698 2902 sanctorum
715 2832 806 2926 ejus,
828 2829 877 2902 cb
899 2829 1101 2902 remedium
1119 2830 1329 2903 nostrorum
1351 2825 1598 2928 peccaminum
1616 2854 1676 2900 seu
1698 2826 1832 2925 pareu'-

441 2965 533 3036 tum‚
545 2949 709 3049 aquibus
720 2978 759 3026 ea
766 2955 850 3050 jure
863 2951 1228 3055 teucuausptradimus
1238 2970 1275 3027 et
1287 2951 1517 3028 concedimus
1528 2951 1695 3051 potestati
1709 2950 1831 3022 Sancti

404 3144 406 3150 ,
441 3069 536 3142 Petri
552 3072 782 3145 Carnutensis
796 3073 957 3146 coenobii
973 3068 1132 3161 alodum,
1145 3073 1613 3159 nomiueBlidunVillnre'‚
1630 3071 1737 3144 simul
1748 3097 1829 3142 cum

439 3190 579 3280 broiio;
602 3193 650 3265 ibi
670 3195 817 3294 insuper
837 3195 1010 3297 quicquid
1026 3194 1158 3269 habere
1175 3195 1341 3268 videmur
1353 3199 1436 3293 jure
1453 3193 1659 3296 hereditatis
1677 3224 1684 3263 :
1704 3194 1750 3264 ita
1768 3206 1828 3282 ut,

438 3330 520 3412 post
537 3314 681 3390 obitum
698 3316 845 3389 alterius
861 3335 1049 3404 nostrum,
1071 3317 1256 3391 monacbis
1275 3317 1468 3417 supradicti
1492 3313 1673 3402 coenobii,
1697 3312 1829 3386 ibidem

438 3435 513 3508 Deo
531 3435 834 3526 deservientibus,
855 3443 938 3538 jure
959 3458 1135 3540 perpetuo
1153 3441 1197 3513 ad
1213 3441 1469 3540 possidendum
1484 3435 1667 3529 succedat,
1686 3435 1829 3508 nuilus-

437 3581 507 3656 que
524 3559 574 3629 eis
593 3559 881 3659 inquietudinem
897 3559 1004 3632 faciat
1027 3559 1188 3636 filiorum
1208 3561 1264 3633 vel
1287 3578 1493 3660 parentum.
1518 3556 1624 3651 Quod
1647 3559 1674 3629 si
1702 3555 1829 3657 aliquis

436 3678 854 3767 feceritfflaledictioue
871 3697 1043 3780 perpetua
1060 3680 1290 3780 dampnetur,
1311 3697 1348 3754 et
1370 3683 1517 3780 insuper
1540 3696 1683 3754 coactus
1706 3694 1847 3778 potes,

438 3816 510 3872 tate
535 3802 798 3901 quinquaginta
822 3802 931 3875 libras
954 3805 1032 3876 auri
1057 3804 1245 3904 persolvat.
1272 3804 1324 3876 Ut
1342 3790 1469 3876 'autem'
1487 3801 1563 3876 haec
1584 3818 1679 3873 carta
1698 3801 1830 3874 incon-

439 3922 534 3993 vulsa
554 3949 591 4017 ιιι
607 3938 794 4022 posterum
809 3942 1035 4022 permaneat,
1058 3953 1101 3998 ex
1115 3952 1293 4049 consensu
1309 3926 1451 3998 comitis
1469 3922 1697 4024 ejusdemque
1714 3921 1830 3995 comi-

440 4059 531 4116 tatus
555 4024 777 4147 nobilium„
771 4049 941 4146 propriis
968 4047 1181 4123 nominibus
1207 4072 1284 4121 eam
1285 4038 1642 4183 substipulavimus.
1672 4045 1708 4116 S.
1730 4042 1830 4116 Odo-

438 4167 493 4237 uis
514 4167 728 4240 comittens.
746 4169 863 4242 Bertae
881 4170 1086 4245 comitissae.
1108 4171 1144 4242 S.
1163 4171 1319 4288 Τεάιιίιιι
1338 4171 1485 4258 militis,
1510 4169 1571 4306 alui
1597 4167 1689 4239 hanc
1712 4165 1830 4240 dona-

386 4359 387 4362 ,
437 4287 697 4385 tionemafecit.
720 4290 757 4361 S.
765 4289 927 4373 Gerardr
937 4346 948 4380 ,
969 4292 1083 4364 filii
1053 4320 1139 4392 ejus.
1162 4294 1199 4364 S.
1221 4292 1361 4366 Adulais
1382 4292 1564 4391 conjugis,
1589 4316 1673 4360 cum
1691 4283 1828 4359 duabus

438 4407 580 4481 filiabus
596 4434 738 4491 cotum
758 4413 795 4484 S.
814 4414 995 4490 Fulcheru
1013 4415 1152 4488 militis
1172 4417 1206 4489 8.
1225 4408 1392 4527 Arduini.
1415 4415 1451 4486 S.
1467 4410 1652 4489 Gelduini.
1673 4411 1710 4483 S.
1730 4398 1827 4482 Rod-

437 4529 545 4604 berti.
566 4532 603 4604 S.
624 4530 769 4639 Rodnlfi
786 4535 921 4608 clerici.
941 4568 957 4603 ιι

479 4729 572 4786 'Haec
587 4727 685 4787 charta
701 4727 866 4803 referenda,
883 4744 914 4791 ut
929 4734 1054 4806 videtur,
1070 4732 1235 4793 velantca.
1250 4731 1330 4818 996,
1346 4732 1441 4796 velud
1455 4732 1589 4814 {pruma
1601 4726 1681 4812 996,
1696 4749 1755 4808 quo
1770 4729 1827 4786 viu

435 4832 549 4892 functus
563 4847 606 4894 est
622 4833 696 4895 Odo.

477 4937 553 4998 ’.Β
546 4940 772 4999 ·Blumvillarc.
1123 4902 1179 5009 ⁶
