4462 6120
737 733 775 804 S.
803 733 944 806 PETRI
969 726 1307 806 CARNOTENSIS.
1647 724 1716 797 tea

330 874 449 945 tinum
461 873 598 950 bellum
610 875 826 973 dinoscitur,
844 880 944 981 quod
959 880 1187 979 interregem
1201 875 1413 949 Hainricum
1427 886 1462 946 et
1476 871 1717 950 VVilleimum

329 997 500 1070 comitem
524 997 586 1069 diu
611 998 821 1091 duraverat,
843 1003 1068 1103 supradictus
1087 999 1190 1074 miles
1204 994 1404 1073 Richardus
1423 1022 1443 1067 a
1461 1000 1615 1083 comite,
1634 1020 1718 1067 cum

327 1115 405 1190 aliis
415 1117 648 1210 Normaunis,
664 1124 791 1197 missus
801 1125 935 1215 fuerat,
947 1118 1171 1199 custodiendi
1183 1116 1525 1221 gr·atiaTedmarum
1535 1131 1715 1189 castrum:

326 1239 427 1338 quod
451 1258 607 1315 castrum
633 1269 715 1315 cum
742 1243 1006 1319 habitatoribus
1028 1245 1100 1318 suis
1124 1258 1214 1315 tune
1231 1236 1505 1315 anathematum
1526 1250 1617 1313 erat.
1646 1236 1717 1331 Qui

325 1359 414 1432 dum
429 1360 565 1435 ibidem
583 1381 690 1454 esset,
720 1364 930 1439 infirmitate
947 1365 1128 1464 corporis,
1156 1389 1225 1464 qua
1244 1376 1279 1436 et
1295 1376 1463 1435 mortuus
1483 1374 1556 1453 est,
1581 1372 1714 1444 tactus,

326 1479 518 1582 diligenter
541 1486 674 1559 animae
695 1512 768 1559 suae
794 1486 1056 1561 detrimentum
1082 1486 1231 1574 timens,
1261 1480 1403 1583 Nigelio
1426 1478 1586 1585 quodem
1611 1478 1657 1553 ad
1681 1505 1717 1552 se

327 1619 474 1694 vocato,
493 1606 555 1707 qui
574 1632 738 1680 sororem
756 1609 914 1687 suamin
933 1609 1104 1707 conjugio
1121 1603 1295 1695 habebat,
1313 1628 1377 1679 seu
1389 1602 1478 1677 aliia·
1493 1641 1494 1662 ³
1516 1639 1532 1684 ÷=
1578 1613 1579 1616 ’
1684 1635 1716 1656 ··

328 1726 410 1821 urit
431 1743 474 1799 ut
489 1726 637 1827 quidam
652 1728 852 1804 monachus
870 1744 996 1807 noster
1011 1726 1225 1805 Gausiridus
1234 1779 1246 1818 ,
1272 1728 1336 1829 qui
1359 1740 1447 1801 tunc
1461 1724 1494 1799 f·
1587 1703 1668 1824 ⁴³⁶⁸?
1703 1776 1715 1813 ,

326 1845 370 1919 ad
392 1849 602 1948 episcopum
625 1850 778 1925 civitatis
802 1866 985 1940 curreret,
1007 1878 1137 1951 seque,
1168 1866 1242 1922 tam
1267 1850 1341 1948 ipse
1357 1874 1468 1949 quam
1484 1846 1564 1937 alii,
1580 1842 1717 1919 absolvi

327 1969 487 2044 facerent
504 1989 540 2046 et
555 1971 599 2045 ad
615 1973 829 2048 coenobium
842 1974 1085 2074 sepeliendum
1100 1972 1301 2060 deferrent3
1316 1996 1360 2045 eo
1372 1987 1511 2060 tenore,
1525 1983 1580 2058 ut,
1596 1967 1718 2042 abillo

326 2090 384 2166 die
400 2092 439 2165 in
457 2110 653 2183 aeteruum,
672 2095 840 2171 monachi
858 2098 974 2170 nostri
994 2096 1063 2171 loci
1082 2096 1230 2169 terciam
1247 2109 1384 2194 partem
1402 2092 1594 2166 Gausberti
1609 2090 1717 2166 Viltae

327 2214 572 2313 possiderent,
592 2219 750 2321 exeeptis
771 2217 967 2311 militibus,
992 2217 1166 2321 quicquid
1185 2217 1351 2291 videlicet
1369 2218 1442 2315 ipse
1459 2214 1663 2314 possederat
1679 2214 1717 2285 in

327 2334 510 2428 domibus,
523 2340 560 2411 io
574 2340 694 2431 terris,
708 2341 748 2415 iu
760 2342 887 2443 pratis,
902 2342 939 2415 in
950 2343 1065 2442 aquis,
1081 2344 1119 2415 in
1135 2340 1290 2414 aecclesia
1298 2394 1310 2429 ,
1327 2340 1363 2412 in
1376 2338 1507 2412 bobus.
1525 2339 1717 2436 impetrata

327 2484 475 2561 quoque
486 2460 728 2553 absolutione,
745 2479 796 2553 et,
811 2491 856 2539 ex
869 2491 971 2540 more
984 2480 1117 2539 sanotae
1129 2464 1329 2564 religionis,
1346 2464 1442 2537 inter
1455 2462 1627 2561 primates
1635 2458 1719 2533 eivi-

328 2583 411 2655 tatis
423 2608 578 2683 corpore
588 2585 746 2685 sepulto,
763 2611 900 2661 nomeu
915 2590 989 2687 ejus
1004 2587 1214 2662 memoriale
1227 2586 1394 2677 fecimus,
1409 2599 1445 2660 et
1459 2583 1629 2657 faciemus
1641 2580 1719 2655 die-

327 2702 395 2779 bus
411 2704 601 2798 omnihus,
623 2734 707 2781 cum
726 2711 865 2784 caeteris
877 2736 1037 2811 quorum
1047 2709 1233 2786 beneficiis
1249 2710 1322 2782 vita
1338 2724 1461 2783 nostra
1480 2721 1713 2781 sustentatur.

327 2828 702 2905 Auctorizavitautem
716 2829 786 2907 hoc
796 2832 934 2907 donum
944 2834 1123 2935 gloriosus
1135 2859 1255 2909 oomes
1265 2860 1347 2932 sepo
1356 2829 1598 2907 nominandos
1606 2827 1718 2905 vvil-

327 2949 474 3038 ielmus‚
493 2976 562 3049 pro
579 2952 736 3027 coelestis
752 2955 838 3028 ritae
861 2955 1034 3054 praemio,
1058 2956 1097 3027 in
1116 2954 1199 3028 villa
1223 2982 1305 3054 quae
1324 2954 1433 3055 vulgo
1449 2952 1584 3026 dicitur
1599 2951 1720 3025 Curtia

327 3070 557 3160 Dominicus,
577 3099 653 3149 uon
670 3073 779 3175 louge
793 3101 814 3147 a
830 3088 948 3148 metro
962 3076 1111 3163 Drocis,
1128 3102 1251 3150 coram
1266 3073 1502 3151 obtimatibus
1517 3081 1607 3164 suis,
1624 3098 1722 3174 quo-

327 3218 410 3265 rum
422 3194 569 3269 nomina
581 3208 666 3267 sunt
677 3192 1022 3287 haeoawiileimm,
1033 3194 1129 3269 filius
1139 3194 1296 3283 Osberti3
1310 3194 1525 3271 VValtciius
1535 3194 1718 3282 Gifaidus,

327 3316 440 3391 Fulco
458 3316 502 3391 de
518 3315 635 3409 Aluo,
652 3314 837 3391 unbertus
857 3314 902 3391 de
922 3317 1044 3418 Rigia,
1071 3316 1278 3391 Rodbertus
1294 3318 1539 3407 Bertrannus,
1555 3316 1721 3393 vvillel-

327 3465 408 3513 mus
420 3440 591 3531 Mamm,
605 3436 796 3512 Baioaidua
804 3437 998 3532 Darselius,
1010 3438 1185 3513 Radull'us
1194 3436 1491 3531 Faichemandus,
1501 3436 1717 3525 Huufridus‚

328 3561 529 3653 Turotdus3
546 3561 781 3649 VVilleimus,
794 3561 1037 3665 Corbuciouis
1048 3562 1163 3650 filius;
1180 3561 1394 3636 Beuoelinus
1405 3560 1451 3635 de
1462 3558 1589 3649 Scoht,
1605 3556 1721 3633 Rube-

326 3683 402 3759 rius
417 3699 455 3759 et
466 3683 689 3763 VVilleimus
700 3683 746 3759 de
757 3682 947 3775 Veruonc;
964 3686 1084 3789 Hugo,
1096 3685 1193 3759 iilius
1205 3684 1380 3759 Gerelmi.
1396 3683 1720 3757 Auctorizaverunt

326 3804 502 3883 etsratres
509 3805 671 3882 defuncti
679 3858 692 3897 ,
706 3830 829 3881 coram
840 3806 1011 3883 omnibus
1026 3806 1084 3882 his
1094 3806 1308 3907 supradictis
1319 3859 1330 3896 ,
1343 3805 1568 3882 VViiielmus
1583 3803 1720 3879 scilicet

326 3942 435 4029 atque
450 3928 646 4003 Balduinus
654 3982 666 4020 ,
684 3945 728 4005 ut
745 3945 782 4005 et
797 3931 864 4031 ipsi
881 3957 964 4005 cum
980 3931 1094 4005 fratre
1109 3956 1176 4005 suo
1194 3932 1233 4004 in
1251 3929 1588 4029 recumpensatione
1602 3928 1720 4027 parti-

326 4050 424 4151 cipes
437 4077 513 4127 esse
528 4068 770 4127 mererentur.
792 4056 846 4129 De
863 4054 997 4129 nostris
1017 4053 1213 4129 adfuerunt
1233 4081 1241 4123 :
1261 4050 1483 4140 Bernartius,
1510 4050 1606 4125 filius
1621 4049 1719 4127 Vul-

326 4172 985 4269 mari3VVarinusoocus,VVaiterius
993 4180 1124 4277 major,
1133 4175 1344 4277 oydelerius
1352 4172 1577 4247 stabularius.
1589 4171 1628 4245 Si
1637 4173 1719 4275 quis

327 4292 421 4369 hauc
444 4294 620 4371 cartulam
645 4296 893 4375 contradicere
920 4300 1099 4390 voluerit,
1129 4314 1307 4399 perpetuo
1333 4294 1568 4371 anathematis
1588 4294 1718 4397 jugulo

326 4417 493 4507 feriatur,
510 4432 560 4508 et,
575 4416 769 4495 frustratus
779 4421 981 4512 voluntate,
996 4436 1068 4497 trm
1080 4421 1190 4496 libras
1204 4421 1282 4494 auri
1295 4417 1609 4523 persolvatjudici.
1624 4420 1719 4491 Con·

328 4566 420 4614 cessa
436 4554 544 4617 estet
560 4540 732 4617 roborata
751 4541 829 4617 haec
845 4544 1000 4620 donacio
1016 4542 1133 4644 pridie
1151 4568 1265 4618 nonas
1280 4544 1442 4644 augusti,
1459 4540 1518 4615 die
1532 4564 1603 4641 qua
1617 4562 1716 4613 mor·

328 4676 410 4735 tuus
426 4678 480 4737 est
497 4664 688 4739 Heinrieus
703 4690 767 4741 rex
783 4666 944 4741 Francia
961 4666 1018 4766 [et
1030 4666 1162 4767 scripta
1180 4692 1200 4739 a
1218 4664 1329 4741 Paulo
1345 4662 1556 4763 monacho}
1574 4690 1594 4731 a

1502 5053 1548 5103 20
