4462 6120
411 723 483 790 'all
932 716 1281 793 MONASTERIUM

411 867 520 938 beant
535 891 624 965 crgo
634 918 645 953 ,
661 890 704 937 ex
720 863 785 937 bac
797 863 853 938 die
869 866 906 937 in
925 882 1048 955 antea,
1063 869 1217 966 jureque
1236 865 1452 941 hereditario
1468 863 1663 965 supradicti
1680 890 1806 940 mona-

411 987 468 1061 chi
496 986 645 1061 eandem
672 987 868 1060 aecclesiam
892 987 1116 1088 possideant,
1145 989 1352 1063 cumomni
1376 1006 1509 1064 ornatu
1533 991 1609 1087 ejus
1623 985 1680 1059 rel
1697 985 1807 1060 rebus

412 1110 599 1197 omnibus,
622 1127 693 1181 tam
717 1111 814 1182 intus
837 1137 946 1210 quam
964 1110 1073 1199 soris,
1102 1110 1145 1183 ad
1168 1113 1278 1210 ipsam
1300 1111 1586 1211 pertinentibus,
1606 1135 1688 1210 quae
1706 1108 1807 1182 vide-

414 1235 496 1305 licet
516 1234 554 1304 in
574 1257 656 1303 meo
678 1231 844 1306 dominio
861 1232 1080 1304 videbantur
1099 1259 1185 1305 esse.
1204 1232 1376 1309 Concedo
1392 1234 1500 1306 etiam
1509 1286 1522 1322 ,
1538 1234 1640 1330 juxta
1658 1230 1808 1304 eandem

414 1355 628 1442 aecclesiam,
645 1381 740 1427 areas
753 1381 835 1456 quae
852 1353 1027 1427 dicuntur
1039 1355 1202 1439 Arnulli;
1220 1382 1363 1429 necnon
1379 1371 1415 1427 et
1431 1357 1619 1428 Boronem
1631 1353 1806 1439 militem,

415 1504 498 1549 cum
520 1504 585 1550 suo
606 1478 708 1565 fev0,
733 1478 795 1577 qui
820 1477 863 1548 ad
884 1477 1124 1575 supradictam
1145 1478 1341 1550 aecclesiam
1364 1479 1547 1577 pertinere
1569 1477 1747 1549 noscitur.
1772 1474 1808 1545 Si

416 1618 536 1673 tamen
550 1601 622 1698 ipse
636 1616 777 1672 vertere
790 1600 948 1673 voluerit
965 1600 1118 1672 decimas
1135 1599 1292 1700 denique
1308 1617 1415 1701 atque
1433 1624 1559 1671 census
1575 1596 1619 1670 ad
1634 1595 1809 1697 prefatam
1938 1629 1939 1633 ¹

416 1722 612 1794 aecclesiam
639 1721 883 1819 pertinentes,
912 1720 1029 1793 libens
1057 1721 1216 1798 concedo
1239 1739 1280 1793 ut
1304 1749 1322 1793 a
1345 1719 1555 1809 monachis,
1573 1720 1630 1794 vel
1647 1719 1812 1818 precario

416 1845 472 1917 vel
497 1845 641 1943 precio,
669 1842 893 1916 redimantur
919 1843 965 1915 ab
994 1845 1077 1943 ipsis
1104 1843 1282 1916 militibus
1311 1846 1374 1943 qui
1405 1869 1448 1916 ex
1477 1858 1605 1918 nostro
1632 1841 1811 1921 beneficio

417 1966 589 2040 videntur
615 1966 808 2065 possidere.
839 1966 924 2038 Haee
946 1966 1044 2038 enim
1069 1968 1193 2040 omnia
1213 1968 1406 2067 perexigua
1425 1983 1510 2039 sunt
1527 1997 1535 2038 ε
1552 1981 1696 2039 terrena
1713 1967 1812 2039 enim

418 2104 504 2161 sunt
520 2106 628 2189 atque
644 2089 858 2172 transitura;
879 2088 1035 2160 coelestia
1053 2114 1200 2189 quoque
1215 2090 1271 2162 vel
1290 2107 1426 2162 aeterna
1441 2090 1682 2162 eminentiora
1697 2101 1732 2160 et
1751 2113 1815 2186 po·

422 2215 513 2286 tiora
530 2227 634 2298 sunt,
661 2237 766 2310 quae,
788 2210 931 2284 Christo
950 2211 1109 2309 presule,
1133 2238 1202 2310 pro
1220 2211 1274 2284 his
1292 2213 1451 2285 minimis
1470 2213 1509 2283 in
1525 2209 1654 2285 futuro
1664 2210 1817 2308 recipie·

422 2361 513 2405 mus.
535 2332 680 2406 Proluit
697 2335 796 2406 enim
809 2334 947 2419 viduae,
968 2331 1011 2405 de
1024 2360 1096 2433 qua
1113 2333 1259 2434 legitur,
1275 2334 1377 2434 quod
1393 2336 1430 2405 in
1444 2332 1580 2432 templo
1595 2332 1734 2407 obtulit
1743 2329 1817 2404 duo

422 2457 580 2541 minuta;
610 2455 749 2551 proluit
773 2471 811 2525 et
832 2453 931 2526 danti
952 2481 1054 2554 aquae
1075 2454 1217 2554 frigidae
1238 2457 1343 2528 calix.
1367 2459 1482 2555 Hujus
1506 2481 1593 2554 ergo
1615 2453 1819 2553 largitionis

422 2577 581 2662 donum,
598 2591 639 2646 ut
654 2575 800 2648 firmum
814 2591 851 2647 et
864 2576 1117 2648 inconvulsum
1132 2594 1358 2673 permaneat,
1373 2579 1477 2674 signo
1495 2577 1634 2664 crucis,
1650 2573 1820 2648 manibus

425 2699 600 2799 propriis,
625 2697 767 2768 firmare
785 2696 927 2779 censui,
950 2721 1188 2792 meorumque
1205 2695 1369 2767 fidelium
1390 2696 1557 2767 manibus
1567 2698 1730 2794 propriis
1751 2695 1820 2766 fir-

425 2818 598 2891 mandum
625 2816 772 2903 tradidi,
799 2839 958 2914 quorum
983 2816 1092 2886 etiam
1120 2818 1269 2888 nomina
1290 2815 1548 2916 subterscripta
1565 2818 1818 2889 inveniuntur.

427 2940 533 3033 Quod
551 2942 578 3011 si
599 2939 680 3038 quis
700 2935 894 3036 aliquando
917 2934 1000 3006 huic
1021 2961 1110 3008 meae
1132 2936 1339 3036 largitioni,
1360 2937 1493 3011 diaboli
1516 2939 1712 3026 instinctu,
1729 2942 1823 3013 con-
1893 2921 1908 2947 ⁸

429 3063 538 3134 traire
552 3062 651 3133 nisus
664 3059 794 3146 fuerit,
814 3060 883 3131 nisi
902 3060 975 3132 cito
994 3060 1203 3158 resipuerit,
1219 3062 1501 3160 presumptionis
1514 3087 1589 3133 snae
1602 3061 1743 3134 veniam
1756 3087 1823 3160 pe·

431 3202 523 3275 tens,
539 3210 621 3256 cum
640 3181 780 3255 Datban
795 3198 831 3254 et
844 3181 1001 3275 Abiron,
1016 3207 1107 3280 quos
1121 3200 1216 3255 terra
1230 3182 1331 3256 vivos
1345 3181 1552 3270 obsorbuit,
1567 3208 1651 3255 cum
1665 3181 1821 3269 Herode,

432 3310 669 3381 innocentum
689 3304 883 3390 laniatore,
904 3330 986 3375 cum
1003 3303 1094 3375 Juda
1111 3303 1316 3402 proditore,
1334 3321 1370 3377 et
1387 3331 1469 3377 cum
1489 3303 1544 3376 his
1559 3305 1622 3406 qui
1639 3301 1824 3379 Christum

432 3431 634 3505 Dominum
650 3426 929 3514 crucifixerunt,
957 3427 994 3497 in
1020 3426 1170 3520 inferno,
1187 3443 1327 3513 trusus,
1348 3450 1477 3525 poenas
1500 3426 1594 3514 luat3
1615 3425 1678 3498 ubi
1699 3426 1825 3525 anguis

433 3553 578 3654 gulosus
595 3575 671 3623 non
686 3551 857 3637 moritur,
878 3575 944 3620 nec
961 3574 1070 3623 vorax
1086 3552 1179 3649 ignis
1194 3550 1435 3649 extinguitur,
1456 3575 1524 3623 nec
1541 3549 1683 3624 umbrae
1697 3550 1827 3624 mortis

433 3675 577 3761 desunt,
591 3699 657 3745 nec
667 3672 781 3773 caligo
796 3672 1040 3746 tenebrarum.
1063 3673 1099 3744 S.
1115 3671 1293 3760 Mahildis,
1305 3674 1431 3744 matris
1441 3671 1647 3746 VVillclmi.
1666 3673 1705 3745 S.
1718 3672 1828 3772 ipsius

435 3796 627 3867 Willelmi.
645 3793 861 3882 Eustacbiae,
878 3794 1041 3893 conjugis
1056 3798 1142 3893 ejus.
1168 3796 1205 3867 S.
1219 3795 1380 3868 filiorum
1390 3798 1479 3893 ejus,
1493 3792 1828 3894 HugonisetllVil-

438 3919 549 3990 lelmi.
578 3917 806 3989 S.Willelmi
827 3918 872 3991 de
897 3920 1023 3991 Monte
1044 3920 1182 3993 boone.
1212 3917 1406 3992 Gausfridi.
1428 3918 1603 3993 VVarini.
1631 3914 1825 3992 Osmundi.

437 4042 644 4114 Guarnerii.
676 4041 854 4114 Anisardi.
879 4043 1063 4141 Hugonis,
1088 4041 1151 4114 filii
1176 4039 1388 4114 Burchardi.
1418 4041 1604 4129 Rainaldi,
1632 4040 1696 4114 filii
1716 4038 1831 4113 Gaus-

439 4164 538 4236 nui.
553 4163 712 4252 nasuta,
725 4164 790 4236 arn
805 4164 1009 4238 Willelmi.
1023 4162 1204 4237 caufridi
1217 4163 1261 4237 ae
1272 4162 1490 4238 salmeredo.
1501 4147 1828 4237 oaonscnunu.

439 4285 630 4362 VVillelmi
652 4285 696 4360 de
722 4288 848 4360 Monte
871 4287 1044 4360 Mirabili.
1073 4287 1215 4360 Girardi
1238 4286 1414 4361 Brunelli.
1436 4285 1628 4360 Willelmi.
1651 4285 1828 4358 Bernerii.

440 4407 617 4480 Gauslini.
645 4408 789 4509 Helgot.
810 4409 1017 4497 VValterii,
1042 4409 1108 4482 filii
1130 4408 1342 4482 burchardi.
1362 4407 1556 4509 Hildegarii
1574 4405 1829 4480 archidiaconi.

442 4528 604 4603 Rainaldi
621 4529 759 4603 decani.
778 4530 906 4604 Vitalis
925 4529 1128 4629 presbiteri.
1152 4531 1324 4604 Bemardi
1342 4530 1386 4604 de
1403 4530 1524 4608 Buslo.
1543 4528 1685 4604 Radulfi
1700 4525 1830 4602 Nocti.

442 4653 608 4725 bandrici
627 4651 671 4725 de
689 4651 870 4727 Toriellis.
887 4651 971 4727 Odo
985 4651 1139 4725 Radulfi.
1159 4651 1354 4728 Gausfridi.
1375 4651 1525 4727 letaldi.
1542 4683 1560 4722 u
