4426 6120
434 689 483 757 ’86
959 683 1301 759 MONASTERIUM

436 831 535 903 sulis.
560 831 602 904 8.
625 827 773 911 Rodulfi
795 828 934 903 decani.
963 831 1000 903 S.
1025 831 1227 907 Salomonis
1248 830 1449 931 ipodecani.
1474 832 1512 906 S.
1532 829 1679 905 Geroldi
1707 829 1833 902 archi-

436 955 593 1030 diaconi.
613 955 651 1026 S.
672 953 809 1029 Odonis
831 955 987 1030 comitis.
1013 955 1051 1027 S.
1074 955 1193 1029 Barce
1216 957 1421 1033 comitissae.
1443 957 1484 1029 S.
1504 954 1686 1031 Fulcherii
1707 953 1833 1029 fratris

437 1077 581 1152 Viviani
598 1078 661 1177 qui
680 1076 772 1151 lianc
787 1075 1023 1153 donationem
1039 1076 1139 1151 lecit.
1159 1077 1196 1150 S.
1212 1076 1397 1155 Gelduiui.
1412 1079 1448 1151 S.
1459 1079 1629 1153 Teduini.
1644 1079 1683 1150 8.
1694 1075 1832 1149 Erebe-

439 1197 553 1273 uoldi.
567 1196 754 1273 solonis.
766 1199 803 1272 8.
817 1197 973 1272 Alberti.
986 1200 1021 1272 S.
1034 1199 1197 1274 Rotroci.
1211 1200 1249 1271 S.
1259 1200 1426 1275 Balduini
1441 1201 1574 1277 clerici.
1589 1201 1626 1272 S.
1636 1197 1831 1275 Rodberti.

440 1322 478 1392 S.
495 1318 692 1394 Teudonis.
707 1320 745 1405 8.
762 1318 943 1394 Einiardi.
965 1321 1002 1393 S.
1015 1319 1182 1395 Arduini.
1200 1323 1238 1424 S:
1253 1321 1441 1399 Atthonis.
1458 1324 1496 1396 S.
1511 1319 1687 1395 Gradulfi.
1713 1320 1749 1390 S.
1771 1318 1830 1391 Se·

440 1440 616 1543 genfmdi.
629 1440 910 1531 uccccux'xym
921 1470 1019 1520 auno
1031 1445 1290 1519 incarnationis
1303 1444 1507 1521 domiuicae.
1522 1444 1658 1518 Actum
1666 1442 1838 1516 Garnotis

440 1563 606 1664 publice,
642 1565 680 1637 in
705 1567 896 1664 praesentia
923 1565 1049 1643 domni
1076 1567 1216 1643 Odonis
1241 1567 1406 1667 praesulis
1431 1594 1545 1643 necne
1569 1564 1835 1668 generosissimi

442 1686 578 1762 Odonis
594 1687 758 1786 patricii,
772 1712 972 1789 eorumque
990 1689 1152 1765 fidelium
1169 1691 1300 1765 diversi
1318 1689 1460 1767 ordinis
1473 1709 1513 1764 et
1527 1691 1659 1766 aetatis.
1678 1719 1696 1756 s

900 1973 1260 2067 CAPITULUM
1295 1978 1382 2065 ΙΙΙ.

813 2199 858 2258 ue
872 2200 934 2261 non
950 2199 1028 2258 vitta
1043 2199 1110 2261 aas
1125 2158 1142 2259 .
1159 2201 1313 2261 anuas.
1327 2198 1474 2282 signifero.

499 2479 517 2517 a
534 2449 691 2549 Regalis¹
707 2452 904 2526 auctoritas
919 2467 956 2525 et
972 2452 1094 2553 legum
1106 2456 1188 2551 jura
1201 2478 1381 2526 assensum
1393 2451 1550 2552 prebent
1566 2466 1609 2523 ut
1621 2451 1843 2553 quicumque

449 2571 554 2644 alicui
572 2598 661 2645 casae
679 2575 745 2648 Dei
761 2600 831 2674 pro
849 2575 1009 2651 rernedio
1026 2576 1157 2648 animae
1170 2601 1246 2650 suae
1258 2574 1395 2676 aliquid
1410 2572 1456 2648 de
1471 2571 1580 2647 rebus
1596 2576 1670 2646 suis
1683 2573 1846 2674 delegare

450 2695 624 2785 voluerit,
644 2696 879 2772 traditionem
895 2700 927 2770 ei
946 2696 1091 2797 publice
1105 2697 1222 2773 facere
1238 2712 1424 2798 procuret.
1444 2695 1584 2772 ldcirco
1600 2698 1763 2772 recolens
1778 2720 1848 2796 ego

451 2814 661 2888 Fulcherius
678 2820 793 2891 mein
811 2836 1006 2918 conspectu
1031 2817 1095 2892 Dei
1118 2818 1312 2894 oculorum
1329 2834 1366 2892 et
1387 2832 1596 2892 sanctorum
1617 2823 1693 2917 ejus
1718 2817 1849 2891 multas

451 2936 670 3011 offensiones
684 2935 900 3029 exercuisse,
918 2960 1021 3007 causa
1037 2940 1256 3014 redimendas
1268 2943 1400 3014 animae
1416 2966 1507 3013 mese
1523 2966 1564 3013 ac
1580 2942 1744 3040 conjugis
1757 2964 1851 3012 mete

453 3058 527 3132 sive
544 3054 707 3130 liliorum
723 3081 890 3131 meorum
906 3081 946 3128 ac
962 3072 1155 3154 parentum
1170 3081 1357 3144 meorum,
1376 3056 1481 3130 trado
1496 3073 1534 3131 et
1548 3060 1709 3133 concedo
1726 3077 1853 3159 potes-

454 3180 518 3252 tati
549 3179 670 3252 Sancti
699 3179 796 3253 Petri
827 3179 1081 3271 carnotensis,
1106 3176 1150 3251 ad
1179 3176 1402 3278 stipendium
1427 3178 1692 3252 monachorum
1717 3180 1853 3280 quibus

455 3329 605 3404 praeesse
619 3302 764 3376 videtur
779 3302 969 3377 Gisbertus
990 3300 1116 3392 abbas,
1137 3302 1283 3376 alodum
1305 3327 1414 3404 quem
1430 3300 1540 3374 michi
1559 3301 1702 3375 videtur
1719 3302 1854 3399 habere

458 3427 497 3498 in
513 3426 597 3499 villa
616 3451 700 3526 quae
715 3424 851 3499 dicitur
864 3433 942 3501 Bon
959 3425 1073 3514 Villa,
1094 3426 1193 3497 intus
1209 3423 1392 3513 velleris,
1417 3425 1464 3497 ita
1486 3440 1528 3496 ut
1543 3423 1590 3497 ab
1606 3423 1780 3499 hodierna
1796 3425 1855 3500 die

458 3547 633 3651 quicquid
646 3547 775 3622 exinde
788 3547 906 3638 facere
916 3549 1102 3622 voluerint
1117 3547 1268 3622 liberam
1283 3545 1438 3622 faciendi
1457 3562 1671 3648 potestatem
1684 3547 1853 3622 babeant.

460 3671 497 3742 Si
518 3671 599 3772 quis
620 3685 741 3744 autem
765 3687 827 3742 aut
852 3695 920 3770 ego
946 3671 1037 3769 ipse,
1063 3686 1125 3742 aut
1149 3669 1277 3770 aliquis
1296 3683 1487 3769 parentum
1508 3694 1695 3758 meorum,
1714 3670 1770 3743 vel
1787 3669 1857 3743 aliu

460 3793 577 3892 aliqua
591 3789 866 3867 subintroducta
881 3818 1030 3893 persona
1045 3790 1137 3865 hanc
1152 3791 1357 3867 traditionis
1371 3817 1463 3866 meae
1475 3791 1711 3867 donatiouem
1725 3791 1858 3864 infrin·
1887 3824 1893 3839 =

463 3940 546 4013 gere
565 3914 621 3988 vel
644 3913 747 3989 litem
769 3914 860 3989 inibi
883 3913 1166 3988 deservientibus
1187 3912 1373 3989 monachis
1391 3913 1526 3989 inferre
1542 3914 1719 4005 voluerit,
1736 3916 1859 4015 primo

462 4035 725 4112 maledictionis
739 4054 777 4113 et
792 4038 1178 4112 excommunicationis
1195 4037 1420 4112 anathemate
1436 4036 1675 4137 perfodiatur,
1697 4053 1734 4112 et
1757 4039 1861 4111 insu-

463 4184 542 4259 per,
561 4157 704 4258 publica
724 4175 900 4260 potestate
917 4175 1080 4249 coactus,
1098 4161 1363 4264 quinquaginta
1380 4157 1489 4233 libras
1504 4162 1581 4233 auri
1594 4162 1790 4262 persolvat.
1809 4158 1861 4235 Ut

464 4297 585 4354 autem
608 4282 685 4356 boec
709 4283 854 4360 traditio
882 4284 1037 4361 firmiori
1064 4285 1206 4360 ratione
1233 4283 1451 4371 roboretur,
1477 4307 1555 4356 eam
1578 4309 1690 4357 manu
1712 4282 1861 4382 propn'u

465 4403 669 4505 subsignavi
686 4430 770 4478 cum
786 4406 1019 4507 stipulatione
1035 4405 1203 4480 subnixa.
1222 4438 1240 4475 »

510 4661 519 4689 ¹
534 4651 620 4711 Hanc
632 4651 760 4713 chartam
780 4665 847 4713 ante
864 4674 973 4714 anuum
998 4674 1075 4714 soon
1093 4653 1257 4735 ponendam
1276 4654 1453 4714 demonstrat
1468 4674 1574 4713 nomen
1590 4652 1716 4714 Gisberti
1731 4650 1863 4722 abbetis,

468 4759 518 4838 qui
528 4758 599 4819 obiit
607 4781 684 4820 anno
698 4780 787 4822 soor.
