4462 6120
463 718 534 784 202
989 721 1335 796 MONASTERIUM

465 863 575 933 terius
587 889 718 938 comes.
735 868 872 967 Drogo,
889 870 951 969 qui
971 868 1040 943 hoo
1052 870 1203 970 largitus
1217 886 1282 943 est.
1299 868 1521 942 Guarnerius
1537 864 1581 940 de
1599 867 1713 940 Ponte
1732 862 1851 938 Iserae.

463 981 667 1057 Rodbertus
691 985 830 1061 Calvus.
857 989 1063 1063 Balduinus.
1088 991 1286 1066 Amalricus
1306 990 1351 1064 de
1370 991 1485 1066 Ponte
1510 990 1628 1062 iserae.
1656 987 1788 1059 Ericus
1810 984 1855 1057 de

463 1102 641 1177 Medanta.
668 1106 789 1180 Abbas
812 1109 1021 1183 Landricus.
1045 1112 1216 1184 Albertus
1241 1109 1451 1184 monachus.
1481 1108 1699 1183 Gislemarus
1726 1130 1856 1179 mona·

464 1221 563 1296 chus.
598 1226 819 1303 Rodbertus.
854 1229 1064 1305 Gausfridus
1094 1233 1257 1332 Bigotus.
1287 1229 1490 1305 Bernardus
1501 1283 1513 1318 ,
1546 1226 1708 1305 vulmari
1745 1223 1852 1297 filius.

463 1344 626 1419 Oduinus
643 1354 770 1449 major.
791 1353 1011 1440 Bernardus,
1030 1380 1142 1453 nepos
1158 1355 1360 1428 Gislemari.
1381 1383 1398 1422 n

843 1610 1210 1701 carrrutuu
1247 1543 1466 1701 cxxvi.

789 1856 833 1915 De
849 1856 1041 1917 conventione
1054 1816 1221 1917 Gauscelini
1236 1857 1272 1917 de
1288 1857 1428 1939 Fregenis
1441 1856 1532 1915 villa.

264 2096 325 2140 Anu
336 2111 355 2141 a·
370 2095 439 2142 ¹0⁷0.
516 2116 534 2152 «
555 2083 760 2159 Consentio
789 2080 992 2156 Gausoelini
1021 2081 1203 2157 Gausfridi
1229 2081 1275 2157 de
1301 2084 1472 2183 Fregenis
1497 2081 1592 2156 Villa
1618 2106 1701 2157 cum
1729 2079 1858 2154 abbate

465 2206 643 2279 Landrico
656 2204 815 2281 coenobii
831 2206 942 2278 sancti
956 2207 1073 2295 Petri,
1093 2223 1133 2280 ut
1146 2205 1214 2278 sihi
1225 2259 1235 2293 ,
1247 2203 1340 2279 dum
1356 2206 1512 2294 viveret,
1528 2205 1568 2276 in
1582 2205 1694 2277 Manu
1705 2201 1854 2292 Villam,

465 2329 681 2427 aripennum
703 2352 819 2400 unum
839 2342 946 2400 terrae
968 2327 1077 2402 abbas
1098 2328 1311 2404 concederet
1331 2325 1375 2400 ad
1396 2323 1682 2408 construendum
1699 2324 1751 2398 ibi
1767 2324 1858 2398 hor-

464 2475 568 2523 reum
580 2474 717 2537 unum3
734 2474 777 2522 eo
791 2449 928 2522 scilicet
939 2465 1067 2523 tenore
1080 2466 1122 2522 ut
1134 2450 1310 2553 quicquid
1323 2451 1426 2522 vivus
1437 2449 1489 2522 ibi
1502 2465 1713 2548 reponeret,
1733 2455 1858 2521 sancto

466 2574 574 2647 Petro
595 2588 762 2648 mortuus
783 2570 1002 2660 dimitteret,
1024 2589 1062 2645 et
1084 2573 1229 2672 insuper
1247 2572 1391 2647 alodum
1411 2573 1603 2673 proprium
1621 2573 1660 2644 in
1676 2570 1759 2643 villa
1775 2596 1858 2670 quae

467 2711 616 2769 vocatur
645 2693 835 2768 Hulsetum
847 2747 859 2784 ,
888 2698 988 2793 cujus
1019 2694 1140 2767 aiodi¹
1169 2696 1313 2793 [cultor
1338 2711 1416 2768 erat
1449 2695 1642 2795 suggerius
1673 2692 1855 2764 Rusticus.

465 2815 549 2891 Non
567 2817 684 2891 solum
701 2834 819 2889 autem
836 2815 945 2888 abhas
960 2816 1029 2890 hoc
1047 2817 1239 2905 concessit,
1259 2833 1318 2889 set·
1332 2816 1442 2888 etiam
1456 2815 1608 2892 domum
1626 2823 1756 2901 unam,
1775 2838 1858 2914 quae

468 2941 505 3009 in
516 2939 670 3012 Luciaco
679 2964 786 3036 super
795 2938 949 3038 praelum
958 2937 1115 3038 quodam
1125 2955 1217 3029 erat,
1227 2938 1271 3013 ad
1281 2937 1567 3014 construendum
1577 2936 1764 3023 homeum,
1776 2961 1859 3007 cum

466 3059 588 3135 decem
601 3086 838 3136 nummorum
854 3059 975 3135 solidis
992 3060 1104 3136 dedit.
1124 3062 1194 3154 Qui
1213 3060 1441 3150 Gausfridus,
1459 3063 1687 3161 praenomine
1704 3060 1861 3133 Gausoe-

468 3183 583 3270 linus,
602 3184 724 3256 statim
737 3199 777 3254 ut
791 3184 997 3282 impetravit
1008 3183 1108 3284 quod
1122 3186 1295 3282 petierat,
1313 3211 1398 3257 cum
1409 3190 1576 3258 uxore'et
1591 3183 1736 3271 liberis,
1753 3207 1860 3281 super

467 3307 576 3379 altere
590 3306 703 3378 sancti
716 3307 811 3377 Petri
827 3304 921 3380 alodi
936 3306 1075 3379 donum
1087 3308 1223 3405 posuit,
1239 3325 1289 3394 et,
1302 3306 1392 3378 dum
1405 3308 1556 3394 vireret,
1572 3306 1701 3378 statuit
1716 3305 1859 3377 investi·

469 3444 586 3500 turam
598 3427 750 3526 singulis
761 3428 864 3498 aunis
877 3444 1035 3527 qrmtuor
1051 3454 1222 3501 nummos
1236 3446 1361 3524 sancto
1376 3430 1485 3503 Petro
1498 3428 1585 3501 dari.
1602 3428 1685 3521 Quo
1695 3440 1858 3512 mortuo,

466 3549 531 3622 filii
546 3553 621 3648 ojus
633 3565 670 3624 et
680 3549 828 3647 plurimi
845 3566 1035 3647 nepotum,
1047 3576 1115 3648 pro
1127 3552 1244 3622 anima
1258 3551 1421 3623 defuncti
1434 3569 1472 3624 et
1485 3578 1547 3624 sua
1557 3551 1685 3638 salute,
1698 3549 1858 3649 publice,

467 3669 643 3759 secundo,
662 3696 769 3768 super
787 3670 898 3743 altare
919 3673 1032 3744 sancti
1052 3672 1150 3744 Petri
1169 3670 1308 3770 praefati
1329 3671 1423 3746 alodi
1444 3670 1584 3746 donrun
1602 3688 1858 3771 reposuerunt.

468 3795 540 3869 Pro
558 3819 687 3894 quare
701 3790 922 3865 beneficium
945 3819 964 3864 a
989 3791 1173 3868 monachis
1196 3794 1406 3867 orationum
1429 3793 1606 3867 beneficia
1629 3809 1857 3893 receperunt.

468 3915 606 3987 Placuit
617 3915 740 4001 etiam,
756 3913 953 3987 secundum
964 3939 1105 3987 morem
1118 3915 1419 4002 aecclesiasticum,
1439 3915 1589 3988 nomina
1607 3932 1683 3988 tam
1699 3914 1860 3990 filiorum

468 4063 576 4137 quam
594 4053 787 4136 nepotum,
808 4037 871 4135 qui
889 4052 1083 4136 praesentes
1100 4036 1272 4125 fuerunt,
1290 4063 1435 4112 necnon
1447 4036 1690 4138 quorumdam
1706 4039 1861 4112 aliorum

470 4158 674 4245 bominum,
690 4157 915 4233 subscribere
921 4187 932 4246 3
948 4171 1003 4247 ut,
1019 4159 1047 4230 si
1062 4159 1255 4260 aliquando
1271 4160 1457 4259 insurgere
1469 4160 1599 4260 uliquis
1613 4161 1748 4233 insanoe
1759 4185 1862 4233 men-

472 4283 516 4355 tis
532 4296 659 4355 contra
677 4279 746 4356 hoc
761 4280 902 4354 donum
919 4289 1160 4379 temptaverit,
1180 4282 1388 4357 testimonio
1404 4279 1539 4355 horum
1553 4282 1769 4371 cumvictus,
1787 4286 1862 4381 ejus

470 4405 569 4479 nisus
584 4400 770 4501 depereat,
789 4417 825 4476 et
841 4407 916 4503 ejus
932 4404 1051 4477 anima
1068 4404 1108 4477 in
1125 4403 1271 4480 inferno
1287 4429 1415 4504 poenas
1431 4405 1519 4477 luat.
1539 4403 1863 4496 Roscelinus,2Ge-

471 4529 744 4629 rogius,i1ugo,
760 4526 887 4613 Fuloo,
902 4525 1047 4616 fratres,
1063 4525 1127 4601 filii
1139 4525 1302 4603 defuncti
1316 4527 1380 4628 qui
1393 4525 1463 4602 hoc
1476 4528 1616 4603 donum
1627 4526 1729 4615 fecit5
1745 4524 1862 4599 Gnid-

516 4787 522 4812 ¹
535 4776 592 4835 Hic
604 4775 710 4835 desinit
720 4774 784 4836 cod.
798 4775 838 4847 A,
852 4735 987 4833 extremis
1000 4771 1075 4834 soliis
1088 4774 1204 4835 evulsis.
1219 4775 1290 4848 Quo
1299 4774 1339 4837 sd
1349 4774 1423 4836 lianc
1434 4786 1546 4854 pam
1556 4775 1684 4854 primm
1690 4774 1860 4852 odierium,

473 4877 897 4961 concodlisumptasunt.
938 4958 941 4963 ι
1606 4896 1609 4900 ’
