<?xml version="1.0" encoding="UTF-8"?>
<!DOCTYPE html PUBLIC "-//W3C//DTD XHTML 1.0 Transitional//EN"
    "http://www.w3.org/TR/xhtml1/DTD/xhtml1-transitional.dtd">
<html xmlns="http://www.w3.org/1999/xhtml" xml:lang="en" lang="en">
 <head>
  <title>
</title>
<meta http-equiv="Content-Type" content="text/html;charset=utf-8" />
  <meta name='ocr-system' content='tesseract 3.04.00' />
  <meta name='ocr-capabilities' content='ocr_page ocr_carea ocr_par ocr_line ocrx_word'/>
</head>
<body>
  <div class='ocr_page' id='page_1' title='image "./cartulairedelab00abbegoog_0428.png"; bbox 0 0 4462 6120; ppageno 0'>
   <div class='ocr_carea' id='block_1_1' title="bbox 421 653 1288 774">
    <p class='ocr_par' dir='ltr' id='par_1_1' title="bbox 421 653 1288 774">
     <span class='ocr_line' id='line_1_1' title="bbox 421 653 1288 774; baseline -0.007 0"><span class='ocrx_word' id='word_1_1' title='bbox 421 706 468 774; x_wconf 81' lang='lat' dir='ltr'><strong>u</strong></span> <span class='ocrx_word' id='word_1_2' title='bbox 871 653 873 656; x_wconf 60' lang='grc'>’</span> <span class='ocrx_word' id='word_1_3' title='bbox 942 692 1288 772; x_wconf 81' lang='lat' dir='ltr'><strong>nouasmnun</strong></span> 
     </span>
    </p>
   </div>
   <div class='ocr_carea' id='block_1_2' title="bbox 328 835 1829 4969">
    <p class='ocr_par' dir='ltr' id='par_1_2' title="bbox 328 835 1829 4969">
     <span class='ocr_line' id='line_1_2' title="bbox 423 835 1814 945; baseline -0.006 -24"><span class='ocrx_word' id='word_1_4' title='bbox 423 867 537 924; x_wconf 89' lang='lat' dir='ltr'><strong>tentes</strong></span> <span class='ocrx_word' id='word_1_5' title='bbox 563 846 729 944; x_wconf 85' lang='lat' dir='ltr'><strong>decipiat.</strong></span> <span class='ocrx_word' id='word_1_6' title='bbox 750 843 860 918; x_wconf 90' lang='lat' dir='ltr'><strong>Villas</strong></span> <span class='ocrx_word' id='word_1_7' title='bbox 884 870 1033 945; x_wconf 89' lang='lat' dir='ltr'><strong>quoque</strong></span> <span class='ocrx_word' id='word_1_8' title='bbox 1050 835 1086 918; x_wconf 90' lang='lat' dir='ltr'><strong>et</strong></span> <span class='ocrx_word' id='word_1_9' title='bbox 1108 871 1193 916; x_wconf 90' lang='lat' dir='ltr'><strong>rura</strong></span> <span class='ocrx_word' id='word_1_10' title='bbox 1211 869 1293 943; x_wconf 89' lang='lat' dir='ltr'><strong>qnae</strong></span> <span class='ocrx_word' id='word_1_11' title='bbox 1312 840 1357 914; x_wconf 90' lang='lat' dir='ltr'><strong>ab</strong></span> <span class='ocrx_word' id='word_1_12' title='bbox 1376 840 1459 940; x_wconf 88' lang='lat' dir='ltr'><strong>ipsis</strong></span> <span class='ocrx_word' id='word_1_13' title='bbox 1484 839 1686 927; x_wconf 88' lang='lat' dir='ltr'><strong>canonicis,</strong></span> <span class='ocrx_word' id='word_1_14' title='bbox 1712 838 1814 912; x_wconf 85' lang='lat' dir='ltr'><strong>litte-</strong></span> 
     </span>
     <span class='ocr_line' id='line_1_3' title="bbox 421 961 1813 1066; baseline -0.009 -21"><span class='ocrx_word' id='word_1_15' title='bbox 421 999 545 1046; x_wconf 92' lang='lat' dir='ltr'><strong>rarum</strong></span> <span class='ocrx_word' id='word_1_16' title='bbox 572 967 805 1055; x_wconf 80' lang='lat' dir='ltr'><strong>testimoniis,</strong></span> <span class='ocrx_word' id='word_1_17' title='bbox 837 993 978 1066; x_wconf 54' lang='lat' dir='ltr'><strong>semper¹</strong></span> <span class='ocrx_word' id='word_1_18' title='bbox 999 967 1072 1039; x_wconf 86' lang='lat' dir='ltr'><strong>visa</strong></span> <span class='ocrx_word' id='word_1_19' title='bbox 1096 982 1182 1039; x_wconf 88' lang='lat' dir='ltr'><strong>sunt</strong></span> <span class='ocrx_word' id='word_1_20' title='bbox 1209 963 1382 1064; x_wconf 91' lang='lat' dir='ltr'><strong>possideri</strong></span> <span class='ocrx_word' id='word_1_21' title='bbox 1409 961 1582 1037; x_wconf 88' lang='lat' dir='ltr'><strong>adnotare</strong></span> <span class='ocrx_word' id='word_1_22' title='bbox 1607 961 1740 1050; x_wconf 89' lang='lat' dir='ltr'><strong>malui,</strong></span> <span class='ocrx_word' id='word_1_23' title='bbox 1772 977 1813 1033; x_wconf 92' lang='lat' dir='ltr'><strong>ut</strong></span> 
     </span>
     <span class='ocr_line' id='line_1_4' title="bbox 417 1076 1814 1196; baseline -0.011 -27"><span class='ocrx_word' id='word_1_24' title='bbox 417 1091 688 1196; x_wconf 61' lang='lat' dir='ltr'><strong>frigutientium</strong></span> <span class='ocrx_word' id='word_1_25' title='bbox 698 1089 838 1189; x_wconf 81' lang='lat' dir='ltr'><strong>linguas</strong></span> <span class='ocrx_word' id='word_1_26' title='bbox 848 1086 1101 1189; x_wconf 65' lang='lat' dir='ltr'><strong>obstupescere</strong></span> <span class='ocrx_word' id='word_1_27' title='bbox 1114 1088 1260 1178; x_wconf 70' lang='lat' dir='ltr'><strong>faciam,</strong></span> <span class='ocrx_word' id='word_1_28' title='bbox 1275 1085 1504 1189; x_wconf 90' lang='lat' dir='ltr'><strong>quorumalii</strong></span> <span class='ocrx_word' id='word_1_29' title='bbox 1520 1084 1652 1157; x_wconf 87' lang='lat' dir='ltr'><strong>insanis</strong></span> <span class='ocrx_word' id='word_1_30' title='bbox 1663 1076 1814 1158; x_wconf 78' lang='lat' dir='ltr'><strong>vocibus</strong></span> 
     </span>
     <span class='ocr_line' id='line_1_5' title="bbox 418 1203 1812 1311; baseline -0.009 -24"><span class='ocrx_word' id='word_1_31' title='bbox 418 1215 590 1292; x_wconf 89' lang='lat' dir='ltr'><strong>Bodasem</strong></span> <span class='ocrx_word' id='word_1_32' title='bbox 620 1211 756 1286; x_wconf 84' lang='lat' dir='ltr'><strong>Villam</strong></span> <span class='ocrx_word' id='word_1_33' title='bbox 785 1215 930 1311; x_wconf 90' lang='lat' dir='ltr'><strong>ejusque</strong></span> <span class='ocrx_word' id='word_1_34' title='bbox 963 1211 1158 1310; x_wconf 84' lang='lat' dir='ltr'><strong>adjacentia</strong></span> <span class='ocrx_word' id='word_1_35' title='bbox 1187 1237 1232 1284; x_wconf 83' lang='lat' dir='ltr'><strong>ex</strong></span> <span class='ocrx_word' id='word_1_36' title='bbox 1262 1209 1517 1308; x_wconf 78' lang='lat' dir='ltr'><strong>episcoporum</strong></span> <span class='ocrx_word' id='word_1_37' title='bbox 1546 1205 1722 1294; x_wconf 90' lang='lat' dir='ltr'><strong>donariis,</strong></span> <span class='ocrx_word' id='word_1_38' title='bbox 1752 1203 1812 1277; x_wconf 90' lang='lat' dir='ltr'><strong>alii</strong></span> 
     </span>
     <span class='ocr_line' id='line_1_6' title="bbox 328 1314 1829 1457; baseline 0.007 -69"><span class='ocrx_word' id='word_1_39' title='bbox 328 1339 350 1388; x_wconf 84' lang='grc'><strong>.’</strong></span> <span class='ocrx_word' id='word_1_40' title='bbox 418 1364 564 1438; x_wconf 87' lang='lat' dir='ltr'><strong>quoque</strong></span> <span class='ocrx_word' id='word_1_41' title='bbox 587 1363 631 1409; x_wconf 87' lang='lat' dir='ltr'><strong>ex</strong></span> <span class='ocrx_word' id='word_1_42' title='bbox 647 1333 824 1457; x_wconf 71' lang='lat' dir='ltr'><strong>comitpm</strong></span> <span class='ocrx_word' id='word_1_43' title='bbox 842 1332 1106 1431; x_wconf 86' lang='lat' dir='ltr'><strong>largitionibus.</strong></span> <span class='ocrx_word' id='word_1_44' title='bbox 1122 1330 1230 1404; x_wconf 90' lang='lat' dir='ltr'><strong>fuisse</strong></span> <span class='ocrx_word' id='word_1_45' title='bbox 1253 1328 1511 1430; x_wconf 88' lang='lat' dir='ltr'><strong>proclamando</strong></span> <span class='ocrx_word' id='word_1_46' title='bbox 1532 1329 1736 1417; x_wconf 78' lang='lat' dir='ltr'><strong>affirmant3</strong></span> <span class='ocrx_word' id='word_1_47' title='bbox 1760 1314 1829 1400; x_wconf 34' lang='lat' dir='ltr'><strong>set*</strong></span> 
     </span>
     <span class='ocr_line' id='line_1_7' title="bbox 417 1442 1814 1565; baseline -0.006 -33"><span class='ocrx_word' id='word_1_48' title='bbox 417 1459 608 1546; x_wconf 89' lang='lat' dir='ltr'><strong>falluntur,</strong></span> <span class='ocrx_word' id='word_1_49' title='bbox 628 1484 713 1529; x_wconf 91' lang='lat' dir='ltr'><strong>nam</strong></span> <span class='ocrx_word' id='word_1_50' title='bbox 735 1455 892 1555; x_wconf 86' lang='lat' dir='ltr'><strong>episcopi</strong></span> <span class='ocrx_word' id='word_1_51' title='bbox 918 1453 993 1529; x_wconf 87' lang='lat' dir='ltr'><strong>fere</strong></span> <span class='ocrx_word' id='word_1_52' title='bbox 1012 1480 1158 1565; x_wconf 72' lang='lat' dir='ltr'><strong>oprnes,</strong></span> <span class='ocrx_word' id='word_1_53' title='bbox 1178 1442 1366 1554; x_wconf 78' lang='lat' dir='ltr'><strong>sequentes</strong></span> <span class='ocrx_word' id='word_1_54' title='bbox 1384 1453 1524 1526; x_wconf 85' lang='lat' dir='ltr'><strong>Heliam</strong></span> <span class='ocrx_word' id='word_1_55' title='bbox 1539 1452 1601 1552; x_wconf 83' lang='lat' dir='ltr'><strong>qui</strong></span> <span class='ocrx_word' id='word_1_56' title='bbox 1622 1450 1814 1523; x_wconf 88' lang='lat' dir='ltr'><strong>temerario</strong></span> 
     </span>
     <span class='ocr_line' id='line_1_8' title="bbox 417 1572 1813 1679; baseline -0.007 -26"><span class='ocrx_word' id='word_1_57' title='bbox 417 1609 504 1654; x_wconf 89' lang='lat' dir='ltr'><strong>ausu</strong></span> <span class='ocrx_word' id='word_1_58' title='bbox 523 1599 559 1654; x_wconf 92' lang='lat' dir='ltr'><strong>et</strong></span> <span class='ocrx_word' id='word_1_59' title='bbox 583 1578 773 1652; x_wconf 83' lang='lat' dir='ltr'><strong>insatiabili</strong></span> <span class='ocrx_word' id='word_1_60' title='bbox 798 1579 936 1651; x_wconf 86' lang='lat' dir='ltr'><strong>vesania</strong></span> <span class='ocrx_word' id='word_1_61' title='bbox 958 1579 1082 1675; x_wconf 85' lang='lat' dir='ltr'><strong>locum</strong></span> <span class='ocrx_word' id='word_1_62' title='bbox 1104 1579 1244 1678; x_wconf 87' lang='lat' dir='ltr'><strong>primus</strong></span> <span class='ocrx_word' id='word_1_63' title='bbox 1267 1577 1445 1679; x_wconf 77' lang='lat' dir='ltr'><strong>pervasit,</strong></span> <span class='ocrx_word' id='word_1_64' title='bbox 1466 1591 1521 1665; x_wconf 91' lang='lat' dir='ltr'><strong>et,</strong></span> <span class='ocrx_word' id='word_1_65' title='bbox 1542 1576 1618 1648; x_wconf 91' lang='lat' dir='ltr'><strong>sine</strong></span> <span class='ocrx_word' id='word_1_66' title='bbox 1638 1572 1813 1667; x_wconf 87' lang='lat' dir='ltr'><strong>honitatis</strong></span> 
     </span>
     <span class='ocr_line' id='line_1_9' title="bbox 416 1696 1810 1803; baseline -0.006 -28"><span class='ocrx_word' id='word_1_67' title='bbox 416 1719 598 1803; x_wconf 88' lang='lat' dir='ltr'><strong>respectu,</strong></span> <span class='ocrx_word' id='word_1_68' title='bbox 628 1707 736 1802; x_wconf 84' lang='lat' dir='ltr'><strong>ejecta</strong></span> <span class='ocrx_word' id='word_1_69' title='bbox 768 1700 966 1800; x_wconf 73' lang='lat' dir='ltr'><strong>religione,</strong></span> <span class='ocrx_word' id='word_1_70' title='bbox 994 1699 1163 1790; x_wconf 83' lang='lat' dir='ltr'><strong>nudavit,</strong></span> <span class='ocrx_word' id='word_1_71' title='bbox 1187 1697 1346 1799; x_wconf 80' lang='lat' dir='ltr'><strong>ejusdem</strong></span> <span class='ocrx_word' id='word_1_72' title='bbox 1371 1696 1505 1773; x_wconf 90' lang='lat' dir='ltr'><strong>morbo</strong></span> <span class='ocrx_word' id='word_1_73' title='bbox 1534 1697 1810 1783; x_wconf 89' lang='lat' dir='ltr'><strong>laboraverunt,</strong></span> 
     </span>
     <span class='ocr_line' id='line_1_10' title="bbox 416 1815 1812 1933; baseline -0.006 -36"><span class='ocrx_word' id='word_1_74' title='bbox 416 1843 524 1929; x_wconf 90' lang='lat' dir='ltr'><strong>atque</strong></span> <span class='ocrx_word' id='word_1_75' title='bbox 552 1841 683 1926; x_wconf 72' lang='lat' dir='ltr'><strong>praeter</strong></span> <span class='ocrx_word' id='word_1_76' title='bbox 713 1850 864 1933; x_wconf 80' lang='lat' dir='ltr'><strong>paucos,</strong></span> <span class='ocrx_word' id='word_1_77' title='bbox 899 1850 979 1897; x_wconf 87' lang='lat' dir='ltr'><strong>eeea</strong></span> <span class='ocrx_word' id='word_1_78' title='bbox 1015 1824 1244 1911; x_wconf 85' lang='lat' dir='ltr'><strong>intentione,</strong></span> <span class='ocrx_word' id='word_1_79' title='bbox 1277 1817 1360 1924; x_wconf 76' lang='lat' dir='ltr'><strong>quae</strong></span> <span class='ocrx_word' id='word_1_80' title='bbox 1392 1839 1545 1924; x_wconf 88' lang='lat' dir='ltr'><strong>potuere</strong></span> <span class='ocrx_word' id='word_1_81' title='bbox 1578 1820 1652 1901; x_wconf 86' lang='lat' dir='ltr'><strong>suis</strong></span> <span class='ocrx_word' id='word_1_82' title='bbox 1688 1815 1812 1890; x_wconf 85' lang='lat' dir='ltr'><strong>usibus</strong></span> 
     </span>
     <span class='ocr_line' id='line_1_11' title="bbox 417 1940 1810 2047; baseline -0.007 -27"><span class='ocrx_word' id='word_1_83' title='bbox 417 1966 606 2023; x_wconf 77' lang='lat' dir='ltr'><strong>retorsere.</strong></span> <span class='ocrx_word' id='word_1_84' title='bbox 643 1949 742 2018; x_wconf 87' lang='lat' dir='ltr'><strong>Inter</strong></span> <span class='ocrx_word' id='word_1_85' title='bbox 776 1972 867 2045; x_wconf 87' lang='lat' dir='ltr'><strong>quos</strong></span> <span class='ocrx_word' id='word_1_86' title='bbox 898 1946 1120 2047; x_wconf 77' lang='lat' dir='ltr'><strong>Gislerertus</strong></span> <span class='ocrx_word' id='word_1_87' title='bbox 1152 1944 1285 2047; x_wconf 88' lang='lat' dir='ltr'><strong>praesul</strong></span> <span class='ocrx_word' id='word_1_88' title='bbox 1319 1942 1713 2028; x_wconf 85' lang='lat' dir='ltr'><strong>munificus-emicuit,</strong></span> <span class='ocrx_word' id='word_1_89' title='bbox 1747 1940 1810 2042; x_wconf 83' lang='lat' dir='ltr'><strong>qu‘i</strong></span> 
     </span>
     <span class='ocr_line' id='line_1_12' title="bbox 415 2062 1814 2165; baseline -0.004 -23"><span class='ocrx_word' id='word_1_90' title='bbox 415 2096 566 2143; x_wconf 88' lang='lat' dir='ltr'><strong>cernens</strong></span> <span class='ocrx_word' id='word_1_91' title='bbox 589 2072 628 2141; x_wconf 94' lang='lat' dir='ltr'><strong>in</strong></span> <span class='ocrx_word' id='word_1_92' title='bbox 656 2092 749 2165; x_wconf 86' lang='lat' dir='ltr'><strong>saepe</strong></span> <span class='ocrx_word' id='word_1_93' title='bbox 775 2077 977 2140; x_wconf 86' lang='lat' dir='ltr'><strong>memorato</strong></span> <span class='ocrx_word' id='word_1_94' title='bbox 1002 2067 1124 2139; x_wconf 85' lang='lat' dir='ltr'><strong>Sancti</strong></span> <span class='ocrx_word' id='word_1_95' title='bbox 1147 2066 1248 2138; x_wconf 84' lang='lat' dir='ltr'><strong>Petri</strong></span> <span class='ocrx_word' id='word_1_96' title='bbox 1273 2062 1443 2141; x_wconf 83' lang='lat' dir='ltr'><strong>coenohio</strong></span> <span class='ocrx_word' id='word_1_97' title='bbox 1473 2065 1658 2139; x_wconf 82' lang='lat' dir='ltr'><strong>modicum</strong></span> <span class='ocrx_word' id='word_1_98' title='bbox 1683 2087 1814 2136; x_wconf 88' lang='lat' dir='ltr'><strong>nume-</strong></span> 
     </span>
     <span class='ocr_line' id='line_1_13' title="bbox 416 2183 1811 2288; baseline -0.004 -26"><span class='ocrx_word' id='word_1_99' title='bbox 416 2219 497 2262; x_wconf 88' lang='lat' dir='ltr'><strong>rum</strong></span> <span class='ocrx_word' id='word_1_100' title='bbox 521 2187 804 2275; x_wconf 81' lang='lat' dir='ltr'><strong>monachorum,</strong></span> <span class='ocrx_word' id='word_1_101' title='bbox 828 2187 891 2288; x_wconf 83' lang='lat' dir='ltr'><strong>qui</strong></span> <span class='ocrx_word' id='word_1_102' title='bbox 913 2199 970 2260; x_wconf 87' lang='lat' dir='ltr'><strong>ex&#39;</strong></span> <span class='ocrx_word' id='word_1_103' title='bbox 984 2185 1092 2261; x_wconf 92' lang='lat' dir='ltr'><strong>rebus</strong></span> <span class='ocrx_word' id='word_1_104' title='bbox 1118 2188 1278 2287; x_wconf 87' lang='lat' dir='ltr'><strong>angustis</strong></span> <span class='ocrx_word' id='word_1_105' title='bbox 1302 2213 1384 2288; x_wconf 91' lang='lat' dir='ltr'><strong>quae</strong></span> <span class='ocrx_word' id='word_1_106' title='bbox 1406 2185 1451 2257; x_wconf 85' lang='lat' dir='ltr'><strong>ab</strong></span> <span class='ocrx_word' id='word_1_107' title='bbox 1474 2189 1551 2287; x_wconf 91' lang='lat' dir='ltr'><strong>ipso</strong></span> <span class='ocrx_word' id='word_1_108' title='bbox 1570 2185 1670 2258; x_wconf 91' lang='lat' dir='ltr'><strong>Helia</strong></span> <span class='ocrx_word' id='word_1_109' title='bbox 1687 2183 1811 2258; x_wconf 83' lang='lat' dir='ltr'><strong>relicta</strong></span> 
     </span>
     <span class='ocr_line' id='line_1_14' title="bbox 415 2305 1812 2411; baseline -0.001 -30"><span class='ocrx_word' id='word_1_110' title='bbox 415 2312 482 2385; x_wconf 90' lang='lat' dir='ltr'><strong>sibi</strong></span> <span class='ocrx_word' id='word_1_111' title='bbox 508 2311 654 2397; x_wconf 86' lang='lat' dir='ltr'><strong>fuerant</strong></span> <span class='ocrx_word' id='word_1_112' title='bbox 677 2327 712 2382; x_wconf 92' lang='lat' dir='ltr'><strong>et</strong></span> <span class='ocrx_word' id='word_1_113' title='bbox 736 2338 754 2381; x_wconf 93' lang='lat' dir='ltr'><strong>a</strong></span> <span class='ocrx_word' id='word_1_114' title='bbox 775 2335 1000 2409; x_wconf 87' lang='lat' dir='ltr'><strong>paganorum</strong></span> <span class='ocrx_word' id='word_1_115' title='bbox 1026 2307 1208 2410; x_wconf 84' lang='lat' dir='ltr'><strong>frequenti</strong></span> <span class='ocrx_word' id='word_1_116' title='bbox 1235 2305 1467 2383; x_wconf 88' lang='lat' dir='ltr'><strong>infestatione</strong></span> <span class='ocrx_word' id='word_1_117' title='bbox 1492 2307 1725 2408; x_wconf 89' lang='lat' dir='ltr'><strong>depopulata,</strong></span> <span class='ocrx_word' id='word_1_118' title='bbox 1748 2305 1812 2411; x_wconf 18' lang='lat' dir='ltr'><strong>*vix</strong></span> 
     </span>
     <span class='ocr_line' id='line_1_15' title="bbox 415 2407 1813 2532; baseline -0.003 -27"><span class='ocrx_word' id='word_1_119' title='bbox 415 2450 554 2506; x_wconf 87' lang='lat' dir='ltr'><strong>naturae</strong></span> <span class='ocrx_word' id='word_1_120' title='bbox 579 2434 827 2506; x_wconf 89' lang='lat' dir='ltr'><strong>necessitatem</strong></span> <span class='ocrx_word' id='word_1_121' title='bbox 850 2432 994 2532; x_wconf 86' lang='lat' dir='ltr'><strong>explere</strong></span> <span class='ocrx_word' id='word_1_122' title='bbox 1009 2428 1198 2520; x_wconf 86' lang='lat' dir='ltr'><strong>valebant,</strong></span> <span class='ocrx_word' id='word_1_123' title='bbox 1222 2429 1324 2506; x_wconf 92' lang='lat' dir='ltr'><strong>bono</strong></span> <span class='ocrx_word' id='word_1_124' title='bbox 1339 2455 1424 2501; x_wconf 92' lang='lat' dir='ltr'><strong>usus</strong></span> <span class='ocrx_word' id='word_1_125' title='bbox 1442 2429 1614 2516; x_wconf 88' lang='lat' dir='ltr'><strong>consilio,</strong></span> <span class='ocrx_word' id='word_1_126' title='bbox 1635 2407 1813 2528; x_wconf 83' lang='lat' dir='ltr'><strong>depellere</strong></span> 
     </span>
     <span class='ocr_line' id='line_1_16' title="bbox 414 2549 1813 2653; baseline 0 -30"><span class='ocrx_word' id='word_1_127' title='bbox 414 2555 573 2640; x_wconf 81' lang='lat' dir='ltr'><strong>studuit,</strong></span> <span class='ocrx_word' id='word_1_128' title='bbox 592 2571 655 2626; x_wconf 91' lang='lat' dir='ltr'><strong>aut</strong></span> <span class='ocrx_word' id='word_1_129' title='bbox 672 2554 897 2653; x_wconf 90' lang='lat' dir='ltr'><strong>aliquatenus</strong></span> <span class='ocrx_word' id='word_1_130' title='bbox 914 2551 1062 2625; x_wconf 91' lang='lat' dir='ltr'><strong>illorum</strong></span> <span class='ocrx_word' id='word_1_131' title='bbox 1080 2568 1330 2650; x_wconf 88' lang='lat' dir='ltr'><strong>paupertatem</strong></span> <span class='ocrx_word' id='word_1_132' title='bbox 1349 2567 1568 2650; x_wconf 79' lang='lat' dir='ltr'><strong>tempera1e3</strong></span> <span class='ocrx_word' id='word_1_133' title='bbox 1592 2549 1684 2623; x_wconf 91' lang='lat' dir='ltr'><strong>infra</strong></span> <span class='ocrx_word' id='word_1_134' title='bbox 1708 2575 1813 2626; x_wconf 86' lang='lat' dir='ltr'><strong>com-</strong></span> 
     </span>
     <span class='ocr_line' id='line_1_17' title="bbox 415 2670 1812 2781; baseline 0.001 -34"><span class='ocrx_word' id='word_1_135' title='bbox 415 2674 588 2775; x_wconf 87' lang='lat' dir='ltr'><strong>prehensa</strong></span> <span class='ocrx_word' id='word_1_136' title='bbox 605 2676 780 2764; x_wconf 87' lang='lat' dir='ltr'><strong>eontulit,</strong></span> <span class='ocrx_word' id='word_1_137' title='bbox 800 2683 842 2746; x_wconf 86' lang='lat' dir='ltr'><strong>ut</strong></span> <span class='ocrx_word' id='word_1_138' title='bbox 861 2672 1034 2778; x_wconf 88' lang='lat' dir='ltr'><strong>libentius</strong></span> <span class='ocrx_word' id='word_1_139' title='bbox 1056 2670 1216 2748; x_wconf 90' lang='lat' dir='ltr'><strong>Domino</strong></span> <span class='ocrx_word' id='word_1_140' title='bbox 1238 2673 1520 2760; x_wconf 87' lang='lat' dir='ltr'><strong>famularentur,</strong></span> <span class='ocrx_word' id='word_1_141' title='bbox 1544 2701 1584 2744; x_wconf 89' lang='lat' dir='ltr'><strong>ac</strong></span> <span class='ocrx_word' id='word_1_142' title='bbox 1609 2672 1812 2781; x_wconf 68' lang='lat' dir='ltr'><strong>devotiores</strong></span> 
     </span>
     <span class='ocr_line' id='line_1_18' title="bbox 415 2793 1813 2903; baseline -0.001 -33"><span class='ocrx_word' id='word_1_143' title='bbox 415 2800 621 2871; x_wconf 88' lang='lat' dir='ltr'><strong>existerent.</strong></span> <span class='ocrx_word' id='word_1_144' title='bbox 649 2796 706 2869; x_wconf 82' lang='lat' dir='ltr'><strong>Ad</strong></span> <span class='ocrx_word' id='word_1_145' title='bbox 732 2793 941 2868; x_wconf 84' lang='lat' dir='ltr'><strong>thesaurum</strong></span> <span class='ocrx_word' id='word_1_146' title='bbox 969 2794 1077 2894; x_wconf 88' lang='lat' dir='ltr'><strong>ipsius</strong></span> <span class='ocrx_word' id='word_1_147' title='bbox 1104 2793 1174 2867; x_wconf 90' lang='lat' dir='ltr'><strong>loci</strong></span> <span class='ocrx_word' id='word_1_148' title='bbox 1198 2813 1234 2868; x_wconf 93' lang='lat' dir='ltr'><strong>et</strong></span> <span class='ocrx_word' id='word_1_149' title='bbox 1262 2794 1304 2867; x_wconf 92' lang='lat' dir='ltr'><strong>ad</strong></span> <span class='ocrx_word' id='word_1_150' title='bbox 1330 2795 1521 2867; x_wconf 88' lang='lat' dir='ltr'><strong>luminaria</strong></span> <span class='ocrx_word' id='word_1_151' title='bbox 1550 2797 1659 2897; x_wconf 86' lang='lat' dir='ltr'><strong>ipsius</strong></span> <span class='ocrx_word' id='word_1_152' title='bbox 1686 2793 1813 2903; x_wconf 75' lang='lat' dir='ltr'><strong>aeecle-</strong></span> 
     </span>
     <span class='ocr_line' id='line_1_19' title="bbox 414 2915 1812 3017; baseline 0.003 -30"><span class='ocrx_word' id='word_1_153' title='bbox 414 2921 492 3006; x_wconf 83' lang='lat' dir='ltr'><strong>siae,</strong></span> <span class='ocrx_word' id='word_1_154' title='bbox 517 2921 609 2990; x_wconf 88' lang='lat' dir='ltr'><strong>sieut</strong></span> <span class='ocrx_word' id='word_1_155' title='bbox 631 2918 753 2989; x_wconf 88' lang='lat' dir='ltr'><strong>inveni</strong></span> <span class='ocrx_word' id='word_1_156' title='bbox 781 2918 818 2988; x_wconf 93' lang='lat' dir='ltr'><strong>in</strong></span> <span class='ocrx_word' id='word_1_157' title='bbox 845 2933 940 2988; x_wconf 89' lang='lat' dir='ltr'><strong>carta</strong></span> <span class='ocrx_word' id='word_1_158' title='bbox 967 2915 1012 2987; x_wconf 92' lang='lat' dir='ltr'><strong>ab</strong></span> <span class='ocrx_word' id='word_1_159' title='bbox 1036 2916 1112 3015; x_wconf 92' lang='lat' dir='ltr'><strong>ipso</strong></span> <span class='ocrx_word' id='word_1_160' title='bbox 1135 2919 1285 3016; x_wconf 89' lang='lat' dir='ltr'><strong>scripta,</strong></span> <span class='ocrx_word' id='word_1_161' title='bbox 1315 2916 1492 3017; x_wconf 84' lang='lat' dir='ltr'><strong>delegarit</strong></span> <span class='ocrx_word' id='word_1_162' title='bbox 1511 2944 1677 2989; x_wconf 89' lang='lat' dir='ltr'><strong>mansum</strong></span> <span class='ocrx_word' id='word_1_163' title='bbox 1696 2944 1812 2991; x_wconf 91' lang='lat' dir='ltr'><strong>unum</strong></span> 
     </span>
     <span class='ocr_line' id='line_1_20' title="bbox 414 3039 1811 3139; baseline 0.004 -29"><span class='ocrx_word' id='word_1_164' title='bbox 414 3067 527 3139; x_wconf 86' lang='lat' dir='ltr'><strong>prope</strong></span> <span class='ocrx_word' id='word_1_165' title='bbox 546 3040 765 3114; x_wconf 87' lang='lat' dir='ltr'><strong>monasterio</strong></span> <span class='ocrx_word' id='word_1_166' title='bbox 789 3040 826 3110; x_wconf 94' lang='lat' dir='ltr'><strong>in</strong></span> <span class='ocrx_word' id='word_1_167' title='bbox 851 3039 928 3139; x_wconf 89' lang='lat' dir='ltr'><strong>ipso</strong></span> <span class='ocrx_word' id='word_1_168' title='bbox 949 3040 1044 3128; x_wconf 83' lang='lat' dir='ltr'><strong>vico,</strong></span> <span class='ocrx_word' id='word_1_169' title='bbox 1074 3039 1111 3111; x_wconf 92' lang='lat' dir='ltr'><strong>in</strong></span> <span class='ocrx_word' id='word_1_170' title='bbox 1135 3040 1303 3115; x_wconf 87' lang='lat' dir='ltr'><strong>Maslaico</strong></span> <span class='ocrx_word' id='word_1_171' title='bbox 1334 3067 1453 3112; x_wconf 90' lang='lat' dir='ltr'><strong>mansa</strong></span> <span class='ocrx_word' id='word_1_172' title='bbox 1476 3040 1570 3128; x_wconf 90' lang='lat' dir='ltr'><strong>duo,</strong></span> <span class='ocrx_word' id='word_1_173' title='bbox 1597 3042 1635 3112; x_wconf 91' lang='lat' dir='ltr'><strong>in</strong></span> <span class='ocrx_word' id='word_1_174' title='bbox 1657 3039 1811 3115; x_wconf 87' lang='lat' dir='ltr'><strong>Calnaco</strong></span> 
     </span>
     <span class='ocr_line' id='line_1_21' title="bbox 415 3161 1811 3262; baseline 0.001 -29"><span class='ocrx_word' id='word_1_175' title='bbox 415 3188 540 3249; x_wconf 40' lang='lat' dir='ltr'><strong>mansa,</strong></span> <span class='ocrx_word' id='word_1_176' title='bbox 571 3163 657 3251; x_wconf 89' lang='lat' dir='ltr'><strong>tria,</strong></span> <span class='ocrx_word' id='word_1_177' title='bbox 688 3163 726 3233; x_wconf 91' lang='lat' dir='ltr'><strong>in</strong></span> <span class='ocrx_word' id='word_1_178' title='bbox 758 3161 987 3262; x_wconf 83' lang='lat' dir='ltr'><strong>Campiniaco</strong></span> <span class='ocrx_word' id='word_1_179' title='bbox 1015 3163 1130 3259; x_wconf 81' lang='lat' dir='ltr'><strong>vineae</strong></span> <span class='ocrx_word' id='word_1_180' title='bbox 1161 3166 1351 3262; x_wconf 90' lang='lat' dir='ltr'><strong>aripennes</strong></span> <span class='ocrx_word' id='word_1_181' title='bbox 1386 3190 1445 3252; x_wconf 87' lang='lat' dir='ltr'><strong>ut,</strong></span> <span class='ocrx_word' id='word_1_182' title='bbox 1480 3167 1583 3261; x_wconf 81' lang='lat' dir='ltr'><strong>juxta</strong></span> <span class='ocrx_word' id='word_1_183' title='bbox 1616 3162 1811 3235; x_wconf 84' lang='lat' dir='ltr'><strong>aecclesiam</strong></span> 
     </span>
     <span class='ocr_line' id='line_1_22' title="bbox 415 3282 1811 3386; baseline 0.004 -33"><span class='ocrx_word' id='word_1_184' title='bbox 415 3284 528 3357; x_wconf 83' lang='lat' dir='ltr'><strong>vineae</strong></span> <span class='ocrx_word' id='word_1_185' title='bbox 551 3282 637 3357; x_wconf 87' lang='lat' dir='ltr'><strong>duas</strong></span> <span class='ocrx_word' id='word_1_186' title='bbox 663 3301 782 3383; x_wconf 89' lang='lat' dir='ltr'><strong>partes</strong></span> <span class='ocrx_word' id='word_1_187' title='bbox 806 3285 1011 3383; x_wconf 87' lang='lat' dir='ltr'><strong>aripennis;</strong></span> <span class='ocrx_word' id='word_1_188' title='bbox 1034 3284 1201 3358; x_wconf 87' lang='lat' dir='ltr'><strong>similiter</strong></span> <span class='ocrx_word' id='word_1_189' title='bbox 1224 3303 1260 3360; x_wconf 90' lang='lat' dir='ltr'><strong>et</strong></span> <span class='ocrx_word' id='word_1_190' title='bbox 1285 3285 1362 3358; x_wconf 91' lang='lat' dir='ltr'><strong>aliis</strong></span> <span class='ocrx_word' id='word_1_191' title='bbox 1390 3288 1427 3358; x_wconf 92' lang='lat' dir='ltr'><strong>in</strong></span> <span class='ocrx_word' id='word_1_192' title='bbox 1453 3286 1541 3359; x_wconf 88' lang='lat' dir='ltr'><strong>locis</strong></span> <span class='ocrx_word' id='word_1_193' title='bbox 1568 3312 1592 3357; x_wconf 85' lang='lat' dir='ltr'>x</span> <span class='ocrx_word' id='word_1_194' title='bbox 1623 3286 1811 3386; x_wconf 83' lang='lat' dir='ltr'><strong>aripennes</strong></span> 
     </span>
     <span class='ocr_line' id='line_1_23' title="bbox 414 3404 1812 3508; baseline 0.004 -32"><span class='ocrx_word' id='word_1_195' title='bbox 414 3408 528 3479; x_wconf 78' lang='lat' dir='ltr'><strong>vineae</strong></span> <span class='ocrx_word' id='word_1_196' title='bbox 550 3422 740 3507; x_wconf 83' lang='lat' dir='ltr'><strong>terrasque</strong></span> <span class='ocrx_word' id='word_1_197' title='bbox 752 3404 912 3478; x_wconf 88' lang='lat' dir='ltr'><strong>arabiles.</strong></span> <span class='ocrx_word' id='word_1_198' title='bbox 934 3406 996 3479; x_wconf 88' lang='lat' dir='ltr'><strong>Set</strong></span> <span class='ocrx_word' id='word_1_199' title='bbox 1014 3407 1099 3506; x_wconf 91' lang='lat' dir='ltr'><strong>quia</strong></span> <span class='ocrx_word' id='word_1_200' title='bbox 1119 3405 1183 3479; x_wconf 93' lang='lat' dir='ltr'><strong>diu</strong></span> <span class='ocrx_word' id='word_1_201' title='bbox 1208 3421 1261 3480; x_wconf 87' lang='lat' dir='ltr'><strong>est</strong></span> <span class='ocrx_word' id='word_1_202' title='bbox 1286 3406 1385 3508; x_wconf 89' lang='lat' dir='ltr'><strong>quod</strong></span> <span class='ocrx_word' id='word_1_203' title='bbox 1410 3435 1428 3478; x_wconf 93' lang='lat' dir='ltr'><strong>a</strong></span> <span class='ocrx_word' id='word_1_204' title='bbox 1451 3407 1552 3479; x_wconf 84' lang='lat' dir='ltr'><strong>cultu</strong></span> <span class='ocrx_word' id='word_1_205' title='bbox 1572 3405 1812 3481; x_wconf 69' lang='lat' dir='ltr'><strong>discesserant</strong></span> 
     </span>
     <span class='ocr_line' id='line_1_24' title="bbox 414 3526 1811 3619; baseline 0.002 -18"><span class='ocrx_word' id='word_1_206' title='bbox 414 3546 450 3601; x_wconf 90' lang='lat' dir='ltr'><strong>et</strong></span> <span class='ocrx_word' id='word_1_207' title='bbox 473 3527 518 3600; x_wconf 89' lang='lat' dir='ltr'><strong>ab</strong></span> <span class='ocrx_word' id='word_1_208' title='bbox 544 3526 756 3602; x_wconf 90' lang='lat' dir='ltr'><strong>hominibus</strong></span> <span class='ocrx_word' id='word_1_209' title='bbox 784 3526 921 3601; x_wconf 91' lang='lat' dir='ltr'><strong>deserta</strong></span> <span class='ocrx_word' id='word_1_210' title='bbox 937 3555 1022 3614; x_wconf 83' lang='lat' dir='ltr'><strong>esse</strong></span> <span class='ocrx_word' id='word_1_211' title='bbox 1049 3547 1276 3619; x_wconf 83' lang='lat' dir='ltr'><strong>noscuntur,</strong></span> <span class='ocrx_word' id='word_1_212' title='bbox 1304 3531 1452 3605; x_wconf 91' lang='lat' dir='ltr'><strong>nomina</strong></span> <span class='ocrx_word' id='word_1_213' title='bbox 1483 3557 1611 3605; x_wconf 86' lang='lat' dir='ltr'><strong>eorum</strong></span> <span class='ocrx_word' id='word_1_214' title='bbox 1639 3528 1811 3604; x_wconf 86' lang='lat' dir='ltr'><strong>adnotare</strong></span> 
     </span>
     <span class='ocr_line' id='line_1_25' title="bbox 414 3648 1811 3752; baseline 0.001 -30"><span class='ocrx_word' id='word_1_215' title='bbox 414 3652 544 3723; x_wconf 89' lang='lat' dir='ltr'><strong>litteris</strong></span> <span class='ocrx_word' id='word_1_216' title='bbox 558 3648 731 3724; x_wconf 88' lang='lat' dir='ltr'><strong>frivolum</strong></span> <span class='ocrx_word' id='word_1_217' title='bbox 746 3677 819 3724; x_wconf 89' lang='lat' dir='ltr'><strong>esse</strong></span> <span class='ocrx_word' id='word_1_218' title='bbox 829 3649 1010 3723; x_wconf 83' lang='lat' dir='ltr'><strong>duximus.</strong></span> <span class='ocrx_word' id='word_1_219' title='bbox 1025 3650 1081 3723; x_wconf 89' lang='lat' dir='ltr'><strong>Ad</strong></span> <span class='ocrx_word' id='word_1_220' title='bbox 1093 3678 1257 3724; x_wconf 89' lang='lat' dir='ltr'><strong>annuum</strong></span> <span class='ocrx_word' id='word_1_221' title='bbox 1267 3650 1364 3726; x_wconf 90' lang='lat' dir='ltr'><strong>diem</strong></span> <span class='ocrx_word' id='word_1_222' title='bbox 1374 3651 1617 3752; x_wconf 88' lang='lat' dir='ltr'><strong>peragendum</strong></span> <span class='ocrx_word' id='word_1_223' title='bbox 1629 3666 1811 3751; x_wconf 55' lang='lat' dir='ltr'><strong>quorum*</strong></span> 
     </span>
     <span class='ocr_line' id='line_1_26' title="bbox 413 3772 1816 3874; baseline 0.002 -31"><span class='ocrx_word' id='word_1_224' title='bbox 413 3772 495 3844; x_wconf 93' lang='lat' dir='ltr'><strong>dam</strong></span> <span class='ocrx_word' id='word_1_225' title='bbox 506 3772 1816 3874; x_wconf 81' lang='lat' dir='ltr'><strong>parentumsuorum,inlllaslacoduomansa,inaliislocisvntaripennes&#39;</strong></span> 
     </span>
     <span class='ocr_line' id='line_1_27' title="bbox 414 3893 1811 3996; baseline 0.005 -33"><span class='ocrx_word' id='word_1_226' title='bbox 414 3897 530 3967; x_wconf 86' lang='lat' dir='ltr'><strong>vineae</strong></span> <span class='ocrx_word' id='word_1_227' title='bbox 538 3923 549 3982; x_wconf 91' lang='lat'>;</span> <span class='ocrx_word' id='word_1_228' title='bbox 563 3893 606 3966; x_wconf 89' lang='lat' dir='ltr'><strong>ad</strong></span> <span class='ocrx_word' id='word_1_229' title='bbox 619 3920 808 3983; x_wconf 87' lang='lat' dir='ltr'><strong>cameram,</strong></span> <span class='ocrx_word' id='word_1_230' title='bbox 823 3896 859 3966; x_wconf 90' lang='lat' dir='ltr'><strong>in</strong></span> <span class='ocrx_word' id='word_1_231' title='bbox 874 3894 1031 3996; x_wconf 85' lang='lat' dir='ltr'><strong>quodam</strong></span> <span class='ocrx_word' id='word_1_232' title='bbox 1042 3894 1125 3971; x_wconf 91' lang='lat' dir='ltr'><strong>loco</strong></span> <span class='ocrx_word' id='word_1_233' title='bbox 1138 3923 1259 3968; x_wconf 88' lang='lat' dir='ltr'><strong>mansa</strong></span> <span class='ocrx_word' id='word_1_234' title='bbox 1274 3910 1354 3968; x_wconf 78' lang='lat' dir='ltr'><strong>nn⁰¹</strong></span> <span class='ocrx_word' id='word_1_235' title='bbox 1362 3914 1398 3970; x_wconf 91' lang='lat' dir='ltr'><strong>et</strong></span> <span class='ocrx_word' id='word_1_236' title='bbox 1408 3895 1612 3983; x_wconf 88' lang='lat' dir='ltr'><strong>dimidium,</strong></span> <span class='ocrx_word' id='word_1_237' title='bbox 1628 3897 1666 3968; x_wconf 94' lang='lat' dir='ltr'><strong>in</strong></span> <span class='ocrx_word' id='word_1_238' title='bbox 1680 3893 1811 3970; x_wconf 83' lang='lat' dir='ltr'><strong>Paride</strong></span> 
     </span>
     <span class='ocr_line' id='line_1_28' title="bbox 414 4015 1809 4108; baseline 0.002 -21"><span class='ocrx_word' id='word_1_239' title='bbox 414 4043 576 4088; x_wconf 87' lang='lat' dir='ltr'><strong>mansum</strong></span> <span class='ocrx_word' id='word_1_240' title='bbox 595 4042 712 4087; x_wconf 92' lang='lat' dir='ltr'><strong>unum</strong></span> <span class='ocrx_word' id='word_1_241' title='bbox 729 4032 765 4088; x_wconf 89' lang='lat' dir='ltr'><strong>et</strong></span> <span class='ocrx_word' id='word_1_242' title='bbox 781 4015 971 4089; x_wconf 89' lang='lat' dir='ltr'><strong>dimidium</strong></span> <span class='ocrx_word' id='word_1_243' title='bbox 981 4072 991 4105; x_wconf 93' lang='lat'><strong>,</strong></span> <span class='ocrx_word' id='word_1_244' title='bbox 1016 4018 1052 4089; x_wconf 91' lang='lat' dir='ltr'><strong>in</strong></span> <span class='ocrx_word' id='word_1_245' title='bbox 1072 4018 1142 4092; x_wconf 85' lang='lat' dir='ltr'><strong>alio</strong></span> <span class='ocrx_word' id='word_1_246' title='bbox 1159 4019 1242 4093; x_wconf 88' lang='lat' dir='ltr'><strong>loco</strong></span> <span class='ocrx_word' id='word_1_247' title='bbox 1259 4046 1381 4092; x_wconf 90' lang='lat' dir='ltr'><strong>mansa</strong></span> <span class='ocrx_word' id='word_1_248' title='bbox 1395 4020 1487 4108; x_wconf 91' lang='lat' dir='ltr'><strong>duo,</strong></span> <span class='ocrx_word' id='word_1_249' title='bbox 1508 4022 1546 4092; x_wconf 91' lang='lat' dir='ltr'><strong>in</strong></span> <span class='ocrx_word' id='word_1_250' title='bbox 1563 4020 1691 4092; x_wconf 90' lang='lat' dir='ltr'><strong>Planca</strong></span> <span class='ocrx_word' id='word_1_251' title='bbox 1708 4043 1809 4091; x_wconf 80' lang='lat' dir='ltr'><strong>matt·</strong></span> 
     </span>
     <span class='ocr_line' id='line_1_29' title="bbox 413 4139 1809 4241; baseline 0.001 -31"><span class='ocrx_word' id='word_1_252' title='bbox 413 4166 492 4210; x_wconf 90' lang='lat' dir='ltr'><strong>sum</strong></span> <span class='ocrx_word' id='word_1_253' title='bbox 511 4166 647 4225; x_wconf 92' lang='lat' dir='ltr'><strong>unum,</strong></span> <span class='ocrx_word' id='word_1_254' title='bbox 670 4140 708 4211; x_wconf 91' lang='lat' dir='ltr'><strong>in</strong></span> <span class='ocrx_word' id='word_1_255' title='bbox 726 4140 956 4238; x_wconf 76' lang='lat' dir='ltr'><strong>campiniaco</strong></span> <span class='ocrx_word' id='word_1_256' title='bbox 977 4139 1092 4214; x_wconf 82' lang='lat' dir='ltr'><strong>vineae</strong></span> <span class='ocrx_word' id='word_1_257' title='bbox 1113 4142 1331 4241; x_wconf 89' lang='lat' dir='ltr'><strong>aripennum</strong></span> <span class='ocrx_word' id='word_1_258' title='bbox 1354 4168 1470 4214; x_wconf 91' lang='lat' dir='ltr'><strong>unum</strong></span> <span class='ocrx_word' id='word_1_259' title='bbox 1488 4158 1524 4216; x_wconf 87' lang='lat' dir='ltr'><strong>et</strong></span> <span class='ocrx_word' id='word_1_260' title='bbox 1540 4143 1682 4214; x_wconf 78' lang='lat' dir='ltr'><strong>vineam</strong></span> <span class='ocrx_word' id='word_1_261' title='bbox 1699 4165 1809 4229; x_wconf 81' lang='lat' dir='ltr'><strong>unam</strong></span> 
     </span>
     <span class='ocr_line' id='line_1_30' title="bbox 408 4256 1809 4372; baseline 0.004 -41"><span class='ocrx_word' id='word_1_262' title='bbox 408 4264 511 4357; x_wconf 86' lang='lat' dir='ltr'><strong>juxta</strong></span> <span class='ocrx_word' id='word_1_263' title='bbox 529 4285 695 4350; x_wconf 89' lang='lat' dir='ltr'><strong>murum;</strong></span> <span class='ocrx_word' id='word_1_264' title='bbox 708 4260 751 4333; x_wconf 91' lang='lat' dir='ltr'><strong>ad</strong></span> <span class='ocrx_word' id='word_1_265' title='bbox 764 4260 916 4372; x_wconf 52' lang='lat' dir='ltr'><strong>{omum</strong></span> <span class='ocrx_word' id='word_1_266' title='bbox 937 4261 1189 4351; x_wconf 85' lang='lat' dir='ltr'><strong>infirmorum,</strong></span> <span class='ocrx_word' id='word_1_267' title='bbox 1207 4263 1245 4334; x_wconf 94' lang='lat' dir='ltr'><strong>in</strong></span> <span class='ocrx_word' id='word_1_268' title='bbox 1262 4256 1343 4336; x_wconf 78' lang='lat' dir='ltr'><strong>vieo</strong></span> <span class='ocrx_word' id='word_1_269' title='bbox 1359 4288 1525 4336; x_wconf 86' lang='lat' dir='ltr'><strong>mansum</strong></span> <span class='ocrx_word' id='word_1_270' title='bbox 1545 4290 1659 4335; x_wconf 89' lang='lat' dir='ltr'><strong>unum</strong></span> <span class='ocrx_word' id='word_1_271' title='bbox 1676 4277 1714 4334; x_wconf 87' lang='lat' dir='ltr'><strong>et</strong></span> <span class='ocrx_word' id='word_1_272' title='bbox 1729 4286 1809 4337; x_wconf 89' lang='lat' dir='ltr'><strong>mo·</strong></span> 
     </span>
     <span class='ocr_line' id='line_1_31' title="bbox 413 4381 1808 4489; baseline 0.005 -37"><span class='ocrx_word' id='word_1_273' title='bbox 413 4381 777 4470; x_wconf 50' lang='lat' dir='ltr'><strong>leudinumunumpi</strong></span> <span class='ocrx_word' id='word_1_274' title='bbox 808 4470 824 4489; x_wconf 49' lang='lat'><strong>·</strong></span> <span class='ocrx_word' id='word_1_275' title='bbox 932 4383 1052 4483; x_wconf 22' lang='lat' dir='ltr'><strong>&#39;&#39;olaeo</strong></span> <span class='ocrx_word' id='word_1_276' title='bbox 1067 4385 1182 4461; x_wconf 86' lang='lat' dir='ltr'><strong>vineae</strong></span> <span class='ocrx_word' id='word_1_277' title='bbox 1199 4386 1411 4485; x_wconf 90' lang='lat' dir='ltr'><strong>aripennem</strong></span> <span class='ocrx_word' id='word_1_278' title='bbox 1425 4414 1560 4474; x_wconf 89' lang='lat' dir='ltr'><strong>unum,</strong></span> <span class='ocrx_word' id='word_1_279' title='bbox 1582 4388 1619 4458; x_wconf 91' lang='lat' dir='ltr'><strong>in</strong></span> <span class='ocrx_word' id='word_1_280' title='bbox 1636 4385 1708 4459; x_wconf 90' lang='lat' dir='ltr'><strong>alio</strong></span> <span class='ocrx_word' id='word_1_281' title='bbox 1725 4385 1808 4459; x_wconf 85' lang='lat' dir='ltr'><strong>loeo</strong></span> 
     </span>
     <span class='ocr_line' id='line_1_32' title="bbox 414 4486 1808 4633; baseline 0.004 -59"><span class='ocrx_word' id='word_1_282' title='bbox 414 4506 528 4580; x_wconf 70' lang='lat' dir='ltr'><strong>tineae</strong></span> <span class='ocrx_word' id='word_1_283' title='bbox 556 4506 751 4604; x_wconf 71' lang='lat' dir='ltr'><strong>aripennes</strong></span> <span class='ocrx_word' id='word_1_284' title='bbox 778 4494 782 4507; x_wconf 63' lang='lat'><em>‘</em></span> <span class='ocrx_word' id='word_1_285' title='bbox 815 4586 858 4633; x_wconf 39' lang='lat' dir='ltr'><strong>c,</strong></span> <span class='ocrx_word' id='word_1_286' title='bbox 886 4486 1272 4606; x_wconf 59' lang='lat' dir='ltr'><strong>or·,‘³super‘Aurosam</strong></span> <span class='ocrx_word' id='word_1_287' title='bbox 1295 4508 1486 4609; x_wconf 89' lang='lat' dir='ltr'><strong>hospitiola</strong></span> <span class='ocrx_word' id='word_1_288' title='bbox 1512 4493 1611 4596; x_wconf 59' lang='lat' dir='ltr'><strong>tria;⁰</strong></span> <span class='ocrx_word' id='word_1_289' title='bbox 1621 4505 1665 4580; x_wconf 92' lang='lat' dir='ltr'><strong>ad</strong></span> <span class='ocrx_word' id='word_1_290' title='bbox 1689 4505 1808 4606; x_wconf 88' lang='lat' dir='ltr'><strong>hospi·</strong></span> 
     </span>
     <span class='ocr_line' id='line_1_33' title="bbox 413 4624 1812 4731; baseline 0.001 -32"><span class='ocrx_word' id='word_1_291' title='bbox 413 4628 495 4717; x_wconf 89' lang='lat' dir='ltr'><strong>tale,</strong></span> <span class='ocrx_word' id='word_1_292' title='bbox 509 4630 547 4700; x_wconf 93' lang='lat' dir='ltr'><strong>in</strong></span> <span class='ocrx_word' id='word_1_293' title='bbox 562 4627 739 4702; x_wconf 90' lang='lat' dir='ltr'><strong>Saliniaco</strong></span> <span class='ocrx_word' id='word_1_294' title='bbox 765 4624 778 4651; x_wconf 75' lang='lat'><strong><em>⁹</em></strong></span> <span class='ocrx_word' id='word_1_295' title='bbox 838 4654 918 4700; x_wconf 92' lang='lat' dir='ltr'><strong>sum</strong></span> <span class='ocrx_word' id='word_1_296' title='bbox 935 4654 1063 4718; x_wconf 90' lang='lat' dir='ltr'><strong>unum,</strong></span> <span class='ocrx_word' id='word_1_297' title='bbox 1076 4630 1113 4701; x_wconf 91' lang='lat' dir='ltr'><strong>in</strong></span> <span class='ocrx_word' id='word_1_298' title='bbox 1127 4628 1323 4706; x_wconf 87' lang='lat' dir='ltr'><strong>Guarenno</strong></span> <span class='ocrx_word' id='word_1_299' title='bbox 1333 4632 1448 4704; x_wconf 77' lang='lat' dir='ltr'><strong>vineae</strong></span> <span class='ocrx_word' id='word_1_300' title='bbox 1461 4632 1679 4731; x_wconf 88' lang='lat' dir='ltr'><strong>aripennum</strong></span> <span class='ocrx_word' id='word_1_301' title='bbox 1691 4653 1812 4703; x_wconf 88' lang='lat' dir='ltr'><strong>unum-</strong></span> 
     </span>
     <span class='ocr_line' id='line_1_34' title="bbox 413 4747 1809 4853; baseline 0.003 -33"><span class='ocrx_word' id='word_1_302' title='bbox 413 4767 450 4821; x_wconf 89' lang='lat' dir='ltr'><strong>et</strong></span> <span class='ocrx_word' id='word_1_303' title='bbox 463 4750 507 4822; x_wconf 91' lang='lat' dir='ltr'><strong>de</strong></span> <span class='ocrx_word' id='word_1_304' title='bbox 524 4765 617 4824; x_wconf 87' lang='lat' dir='ltr'><strong>terra</strong></span> <span class='ocrx_word' id='word_1_305' title='bbox 633 4747 759 4820; x_wconf 89' lang='lat' dir='ltr'><strong>arabili</strong></span> <span class='ocrx_word' id='word_1_306' title='bbox 778 4750 945 4848; x_wconf 88' lang='lat' dir='ltr'><strong>anzingas</strong></span> <span class='ocrx_word' id='word_1_307' title='bbox 960 4776 1024 4839; x_wconf 88' lang='lat' dir='ltr'><strong>xv,</strong></span> <span class='ocrx_word' id='word_1_308' title='bbox 1045 4751 1085 4823; x_wconf 92' lang='lat' dir='ltr'><strong>in</strong></span> <span class='ocrx_word' id='word_1_309' title='bbox 1106 4749 1673 4853; x_wconf 59' lang='lat' dir='ltr'><strong>Gerillasquicquidhabuit31atl</strong></span> <span class='ocrx_word' id='word_1_310' title='bbox 1697 4750 1809 4824; x_wconf 85' lang='lat' dir='ltr'><strong>cella-</strong></span> 
     </span>
     <span class='ocr_line' id='line_1_35' title="bbox 412 4870 1808 4969; baseline 0.003 -28"><span class='ocrx_word' id='word_1_311' title='bbox 412 4873 509 4944; x_wconf 89' lang='lat' dir='ltr'><strong>rium</strong></span> <span class='ocrx_word' id='word_1_312' title='bbox 519 4926 531 4962; x_wconf 93' lang='lat'><strong>,</strong></span> <span class='ocrx_word' id='word_1_313' title='bbox 554 4873 667 4947; x_wconf 88' lang='lat' dir='ltr'><strong>vineae</strong></span> <span class='ocrx_word' id='word_1_314' title='bbox 687 4870 877 4969; x_wconf 80' lang='lat' dir='ltr'><strong>aripennes</strong></span> <span class='ocrx_word' id='word_1_315' title='bbox 894 4887 968 4963; x_wconf 84' lang='lat' dir='ltr'><strong>tres</strong></span> <span class='ocrx_word' id='word_1_316' title='bbox 987 4888 1024 4944; x_wconf 89' lang='lat' dir='ltr'><strong>et</strong></span> <span class='ocrx_word' id='word_1_317' title='bbox 1042 4871 1234 4956; x_wconf 82' lang='lat' dir='ltr'><strong>dimidium</strong></span> <span class='ocrx_word' id='word_1_318' title='bbox 1240 4903 1252 4966; x_wconf 93' lang='lat'><strong>,·</strong></span> <span class='ocrx_word' id='word_1_319' title='bbox 1267 4875 1312 4948; x_wconf 88' lang='lat' dir='ltr'><strong>ad</strong></span> <span class='ocrx_word' id='word_1_320' title='bbox 1331 4871 1498 4964; x_wconf 87' lang='lat' dir='ltr'><strong>hortum,</strong></span> <span class='ocrx_word' id='word_1_321' title='bbox 1513 4872 1808 4947; x_wconf 30' lang='lat' dir='ltr'><strong>mansumrdimi-</strong></span> 
     </span>
    </p>
   </div>
   <div class='ocr_carea' id='block_1_3' title="bbox 0 0 2236 6119">
    <p class='ocr_par' dir='ltr' id='par_1_3' title="bbox 0 0 2236 6119">
     <span class='ocr_line' id='line_1_36' title="bbox 0 0 2236 6119; baseline 0 0"><span class='ocrx_word' id='word_1_322' title='bbox 0 0 2236 6119; x_wconf 95' lang='lat' dir='ltr'><strong> </strong></span> 
     </span>
    </p>
   </div>
  </div>
 </body>
</html>
