4462 6120
732 712 769 781 S.
798 707 936 783 PETRI
960 706 1300 786 GARNOTENSIS.
1637 707 1708 781 235

324 857 482 931 moriens
499 853 648 955 reliquit
663 873 788 930 sancto
801 860 909 930 Petro
928 859 965 930 in
979 859 1113 933 nostris
1128 856 1253 931 usibus
1266 855 1459 935 aecclesiam
1473 857 1599 932 domni
1615 858 1711 933 Ger·-

324 979 421 1052 mani
446 1003 529 1049 cum
553 976 723 1052 omnibus
750 977 858 1052 rebus
880 1007 970 1080 quas
1000 979 1050 1051 ibi
1072 978 1261 1053 videbatur
1287 995 1432 1071 tenere,
1465 1007 1511 1054 ex
1533 979 1711 1053 beneficio

323 1097 515 1173 VVillelmi
532 1095 577 1172 de
592 1098 821 1189 Sumboone,
846 1102 938 1173 sicut
955 1098 1214 1199 supradictum
1232 1117 1307 1189 est,
1332 1102 1371 1174 in
1393 1101 1562 1189 decimis,
1579 1102 1709 1188 terris,

324 1220 432 1307 lucis,
453 1218 632 1294 militibus
640 1248 651 1307 ;
676 1236 867 1322 postquam
892 1222 1038 1322 quidem
1059 1239 1096 1297 et
1117 1224 1190 1321 ipse
1214 1248 1321 1322 super
1345 1223 1455 1297 altare
1477 1223 1591 1324 sancti
1614 1222 1712 1295 Petri

324 1368 504 1417 assensum
533 1345 654 1442 posuit
674 1360 712 1418 et
738 1347 778 1418 in
801 1345 1029 1422 orationibus
1051 1345 1209 1419 fratrum
1235 1363 1421 1447 susceptus
1447 1345 1539 1437 fuit,
1573 1344 1710 1419 cuidam

325 1464 469 1539 mulieri
486 1483 625 1566 partem
642 1467 803 1566 praefatae
820 1467 977 1542 decimae
994 1467 1105 1543 XXV
1122 1468 1246 1542 solidis
1263 1467 1437 1542 vendidit.
1457 1472 1509 1542 De
1528 1495 1599 1569 qua
1616 1493 1656 1539 re
1673 1468 1712 1537 in

321 1588 459 1686 judicio
475 1588 666 1688 apellatus,
686 1588 779 1663 dixit
795 1590 970 1664 decimam
988 1592 1086 1665 illam
1100 1593 1283 1690 pertinere
1296 1590 1342 1665 ad
1356 1591 1480 1665 fevum
1492 1590 1706 1675 Guaszouis,

324 1708 447 1796 fratris
474 1713 637 1811 Hugonis
662 1710 708 1785 de
732 1712 908 1802 Castello,
930 1741 974 1787 ac
999 1713 1079 1788 ideo
1103 1712 1280 1788 frivolum
1302 1740 1376 1787 esse
1400 1739 1581 1787 assensum
1606 1737 1713 1784 suum

325 1832 403 1904 sine
431 1849 525 1906 nutu
547 1833 701 1907 domini.
728 1835 833 1908 Unde
862 1837 1046 1911 VVaszoni
1066 1862 1181 1908 unum
1206 1862 1343 1936 equum
1362 1836 1540 1910 valentem
1566 1834 1716 1935 quadra·

326 1955 427 2052 ginta
442 1954 592 2046 solidos,
618 1971 654 2030 et
667 1956 744 2030 XX
763 1956 897 2031 solidos
909 1982 1158 2045 nummorum,
1175 1983 1363 2058 unumque
1383 1974 1525 2029 scutum
1540 1981 1580 2029 ac
1597 1956 1713 2031 nostri

325 2073 396 2147 loci
409 2078 590 2150 orationes
606 2076 781 2150 dedimus.
801 2081 879 2178 lpse
892 2104 1057 2179 quoque,
1072 2103 1138 2177 per
1153 2093 1318 2151 artavum
1333 2079 1387 2150 sui
1405 2079 1590 2178 armigeri,
1608 2103 1715 2176 super

328 2199 445 2281 altare,
459 2202 571 2272 sancti
598 2201 694 2273 Petri
717 2227 894 2301 guerpum
913 2200 1062 2275 decimae
1080 2201 1138 2274 vel
1161 2226 1341 2273 assensum
1358 2202 1458 2272 misit
1481 2227 1547 2299 per
1570 2199 1715 2272 Huber-

328 2336 409 2392 tum
427 2321 648 2415 Querculum
665 2338 702 2395 et
722 2321 941 2399 monachum
951 2378 963 2414 ,
981 2323 1212 2399 audientibus
1233 2339 1269 2396 et
1285 2321 1491 2397 videntibus
1515 2324 1543 2394 is
1559 2348 1716 2423 quorum

329 2443 475 2518 nomina
501 2444 808 2544 subscripsimus:
835 2445 990 2519 Radulfo
1004 2500 1017 2537 ,
1043 2444 1265 2533 VVillelm0‚
1294 2444 1499 2532 Rodberto,
1527 2444 1714 2543 Philippo,

328 2565 435 2665 Hugo
448 2566 635 2658 Huberto,
652 2565 830 2654 Tetardo,
851 2566 1048 2655 Ledfredo,
1068 2566 1261 2653 Fulberto,
1282 2565 1476 2654 Rainaldo,
1492 2564 1715 2651 Guarneri0,

328 2687 499 2776 Fulconi,
524 2688 757 2777 Raimboldo,
776 2688 982 2775 Rodberto,
1010 2690 1227 2777 Laurentio,
1256 2688 1398 2761 Aszoni.
1420 2693 1483 2762 Est
1507 2705 1627 2761 autem
1646 2689 1718 2787 ipsa

329 2809 466 2882 decima
489 2811 528 2880 in
555 2810 636 2884 loco
659 2811 723 2909 qui
747 2827 897 2883 vocatur
919 2810 1109 2884 caletulus.
1135 2811 1268 2882 Actum
1287 2828 1341 2884 est
1364 2811 1435 2889 hoc
1456 2813 1583 2885 Drocis
1601 2826 1719 2883 castro

330 2928 531 3027 publice.»
581 3003 585 3012 1

796 3065 1159 3156 CAPITULUM
1193 3068 1255 3154 X.

652 3317 696 3375 De
709 3316 816 3376 tributo
830 3337 965 3376 concesso
978 3337 995 3374 a
1011 3315 1155 3375 Mainerio
1170 3316 1201 3374 in
1215 3314 1292 3396 Agili
1306 3313 1394 3376 Villa.

384 3581 405 3613 o
419 3543 558 3619 Notum
572 3568 645 3615 esse
662 3543 847 3632 volumus,
863 3568 929 3643 ego
946 3540 1175 3630 Eustachius,
1190 3540 1300 3613 abbas
1315 3537 1477 3614 coenobii
1492 3541 1604 3613 sancti
1622 3541 1719 3611 Petri
1748 3559 1807 3605 sus
1817 3576 1838 3606 a.
1853 3559 1922 3605 1091.

333 3666 584 3755 carnotensis,
606 3665 778 3741 omnibus
794 3680 926 3737 sanctae
947 3664 1008 3737 Dei
1028 3663 1184 3737 ecclesiae
1201 3660 1368 3737 fidelibus
1387 3662 1489 3752 liliis,
1507 3662 1613 3761 quia,
1633 3658 1722 3743 dum

334 3814 446 3863 essem
462 3788 500 3860 in
517 3789 617 3861 curia
630 3786 787 3887 Philippi
805 3787 900 3887 regis
914 3801 1004 3889 aput
1019 3803 1176 3859 castrum
1190 3785 1446 3884 stanpensem,
1461 3798 1499 3858 et
1513 3810 1636 3883 regem
1653 3809 1721 3884 pm

335 3911 489 3985 utilitate
505 3910 620 3984 nostri
637 3910 706 3984 loci
720 3911 1061 4010 interpellavissem,
1074 3908 1233 3981 'conveni
1253 3907 1302 3980 ibi
1320 3908 1554 3994 Mainerium,
1573 3905 1723 3979 fratrem

335 4034 500 4130 Symonis
515 4032 561 4108 de
577 4035 701 4108 Monte
717 4035 837 4122 Forti,
857 4050 915 4125 ut,
936 4061 1005 4133 pro
1021 4034 1076 4105 sui
1095 4032 1206 4132 patris
1227 4032 1345 4103 anima
1360 4056 1509 4105 necnon
1526 4045 1562 4103 et
1576 4030 1722 4118 matris,

335 4172 442 4256 atque
459 4182 528 4256 pro
543 4157 794 4232 incolumitate
816 4158 966 4256 propria
986 4179 1206 4253 suorumque
1230 4152 1416 4241 sobolum,
1443 4153 1520 4226 Deo
1542 4170 1578 4225 et
1599 4166 1724 4226 sancto

334 4282 443 4353 Petro
470 4278 631 4355 liberum
652 4280 869 4356 concederet
900 4280 1117 4366 transitum,
1138 4295 1220 4349 tam
1245 4277 1324 4349 salis
1352 4302 1461 4376 quam
1487 4276 1661 4376 piscium,
1689 4289 1726 4347 et

336 4417 542 4476 nostrarum
572 4428 696 4474 rerum
717 4426 801 4502 quae
828 4427 893 4503 per
921 4400 1016 4500 Agiti
1044 4399 1177 4474 Villam
1201 4398 1368 4474 Garnotis
1392 4395 1436 4470 ad
1458 4424 1543 4471 usus
1570 4396 1726 4468 fratrum

336 4522 567 4597 veherentur.
588 4524 658 4618 Qui
677 4521 808 4596 libenti
831 4523 952 4597 animo
970 4519 1015 4594 ab
1040 4522 1141 4595 omni
1166 4519 1447 4607 consuetudine,
1466 4519 1516 4589 Vl
1534 4517 1659 4589 iduum
1676 4515 1727 4588 fe·

337 4642 532 4738 bruarum,
551 4647 599 4719 ita
616 4644 775 4719 liberum
789 4645 982 4718 transitum
999 4643 1075 4716 Deo
1094 4659 1131 4716 et
1151 4657 1275 4718 sancto
1296 4643 1406 4715 Petro
1425 4640 1584 4728 dimisit,
1604 4654 1662 4724 ut,
1679 4637 1726 4710 ab

339 4765 397 4839 illa
414 4765 471 4839 die
487 4783 610 4855 antea,
631 4793 780 4868 nequea
796 4792 832 4839 se
847 4791 963 4866 neque
978 4793 997 4837 a
1014 4764 1276 4838 successoribus
1293 4763 1385 4854 suis,
1404 4762 1521 4835 ullum
1542 4762 1726 4837 teloneum

338 4888 393 4962 vel
411 4890 634 4965 consuetudo
653 4890 773 4992 aliqua
787 4889 1000 4991 requiratur
1020 4889 1065 4962 de
1083 4887 1190 4962 rebus
1211 4887 1322 4959 sancti
1339 4887 1437 4959 Petri
1453 4882 1725 4958 transeuntibus
