4462 6120
556 722 593 794 S.
614 723 755 796 PETRI
780 719 1115 801 GARNOTENSIS.
1455 721 1527 791 uta

140 860 260 935 Annae
270 879 307 936 et
317 863 480 965 Caiphae,
499 850 651 942 Ananim
665 885 703 941 et
717 867 877 968 Saphirae
889 864 1180 939 maledictionem
1193 865 1364 939 omuibus
1378 864 1529 964 refraga-

132 982 283 1057 toribus
299 983 404 1087 hujus
418 989 672 1089 largitionis.»

559 1221 925 1312 mmmmm
951 1150 1104 1310 ἔχων.

459 1444 504 1503 De
517 1445 600 1504 alodo
615 1444 681 1503 dato
695 1466 711 1503 a
725 1445 891 1504 Haimerieo
906 1444 942 1504 de
955 1445 1095 1503 Vibrante
1111 1445 1200 1525 Lupo.

188 1699 206 1736 u
226 1669 267 1741 ln
285 1668 418 1741 Christi
436 1669 598 1744 nomine.
617 1671 698 1770 Ego
719 1670 892 1744 Girardus
911 1671 1034 1768 prior,
1057 1697 1140 1741 cum
1160 1652 1331 1742 omnibus
1352 1669 1527 1770 fratribus
1553 1684 1572 1727 Α
1575 1698 1620 1728 ιιιιι
1637 1682 1705 1730 ¹⁰⁷8·

138 1789 299 1866 coenobii
319 1792 432 1864 sancti
451 1793 548 1890 Petri
567 1793 819 1881 carnotensis,
846 1810 978 1867 notum
1002 1817 1074 1866 esse
1097 1792 1264 1865 volumus
1287 1793 1425 1864 cunctis
1442 1818 1527 1864 sue-

136 1913 335 2005 cessoribus
354 1914 487 1988 nostris
497 1968 509 2003 ,
529 1913 627 2017 quod
645 1917 684 1988 ea
704 1931 913 2014 tempestate
931 1940 1001 2015 qua
1013 1913 1174 2021 ‘domnus
1191 1913 1405 1986 Eustachius
1420 1912 1528 1987 abbas

137 2034 261 2108 Romae
283 2035 515 2125 morabatur,
544 2064 628 2111 cum
655 2037 847 2111 Gausfrido
871 2039 1038 2136 episeopo
1064 2053 1171 2138 atque
1198 2037 1425 2132 Parisiaceusi
1451 2040 1526 2137 epi-

136 2180 272 2254 scopo,
298 2174 338 2228 ut
363 2158 498 2256 pariter
527 2156 760 2263 ostenderent
784 2158 914 2256 injuste
936 2158 1114 2257 prolatam
1139 2184 1212 2230 esse
1233 2159 1528 2232 excommunica-

136 2275 273 2355 tionem
298 2277 342 2354 „in
372 2279 528 2354 concilio
557 2258 791 2356 Exoduuensi
822 2277 1061 2385 abepiscopo
1089 2278 1212 2351 Diensi
1242 2280 1395 2381 Hugone
1421 2305 1527 2378 super
1575 2278 1585 2294 '

134 2395 367 2495 Gausfridum
391 2403 668 2477 Carnotensium
694 2402 908 2503 praesulem,
936 2402 1103 2475 videlicet
1129 2403 1373 2500 inpraesentia
1399 2401 1524 2476 domni

133 2520 300 2621 Gregorii
315 2552 416 2624 papae
433 2525 498 2600 Vll
507 2579 518 2613 ,
537 2553 646 2628 quem
665 2527 772 2599 etiam
790 2542 879 2598 tunc
896 2526 1085 2631 Hainricus
1103 2525 1319 2622 imperator,
1340 2551 1423 2594 cum
1441 2524 1527 2595 Ata-

133 2646 275 2717 mannis
292 2663 327 2719 et
346 2646 606 2749 Langobamis,
629 2647 848 2734 debellabat3
867 2675 923 2736 ea,
944 2649 1110 2747 inquam,
1131 2662 1360 2746 tempestate,
1379 2647 1527 2746 quidam

132 2764 257 2853 miles,
291 2766 467 2841 vocabulo
495 2770 717 2843 Haimericus
747 2769 904 2842 Vibruns
930 2771 1099 2868 Lupum,
1128 2770 1291 2866 corporis
1315 2767 1526 2839 infirmitate

132 2884 386 2988 laboransque
404 2907 439 2963 et
457 2890 568 2976 obiit,
588 2909 629 2963 ut
645 2889 807 2965 evaderet
824 2890 958 2964 inferni
976 2916 1121 2988 poenas,
1136 2891 1334 2963 monachus
1352 2889 1444 2988 apud
1460 2918 1526 2962 nos

132 3005 301 3093 efficitur3
328 3007 460 3083 fundos
484 3035 576 3109 quos
591 3015 672 3108 jure
697 3009 915 3083 hereditario
940 3009 1164 3108 possidebat,
1188 3014 1289 3107 juxta
1317 3011 1437 3084 locum
1461 3013 1522 3110 qui

131 3127 337 3201 Miseriacus
360 3147 529 3218 vocatur,
558 3158 640 3211 cum
666 3131 781 3203 tribus
805 3131 983 3203 militibus
1005 3132 1067 3230 qui
1095 3147 1261 3229 exparte
1287 3130 1389 3203 fundi
1415 3132 1525 3228 ipsius

131 3246 237 3327 fevati
252 3267 374 3340 erant,
394 3279 499 3325 uuae
580 3278 757 3326 consensu
771 3251 835 3324 filii
854 3255 908 3325 sui
924 3255 1080 3351 Pagani,
1099 3268 1222 3325 sancto
1239 3252 1347 3323 Petro
1363 3267 1400 3322 et
1417 3250 1524 3325 nobis

130 3371 291 3471 reliquit.
312 3372 421 3469 Cujus
443 3373 510 3443 fun
536 3350 709 3447 i'donum
732 3371 827 3444 filius
852 3376 925 3468 ejus
947 3399 1054 3471 super
1070 3372 1179 3443 altare
1203 3375 1411 3446 sanctorum
1433 3399 1524 3470 apo-

130 3493 308 3566 stolorum
324 3495 420 3566 Petri
439 3512 475 3567 et
490 3478 596 3566 Pauli
603 3494 747 3597 publice
762 3495 885 3597 posuit
893 3548 904 3582 ,
927 3492 1009 3568 inde
1026 3493 1354 3567 ibidem⁴0rationes
1367 3493 1522 3566 fratrum

129 3614 318 3713 recipiens.
342 3614 409 3686 Cui
433 3614 531 3691 dono
549 3594 576 3688 si
600 3617 680 3719 quis
702 3643 864 3718 unquam
883 3617 1065 3692 contraire
1083 3616 1328 3714 temptaverit,
1349 3617 1416 3688 uisi
1434 3618 1522 3688 resi-

129 3736 270 3833 puerit,
289 3734 476 3810 anathema
490 3739 549 3810 sit.
571 3769 590 3807 »

540 3971 905 4065 CAPITULUM
939 3972 1106 4063 XCVI.

359 4194 403 4253 De
418 4194 501 4254 alodo
514 4194 581 4255 dato
595 4218 612 4256 a
627 4195 768 4257 Baiduino
783 4200 858 4257 intra
873 4196 1000 4279 Burgum
1018 4195 1179 4256 Carnutinae
1196 4197 1285 4259 urbis.

179 4424 198 4463 «
215 4395 260 4466 ln
282 4396 432 4470 nomine
459 4414 591 4471 sanctae
618 4415 655 4472 et
683 4394 878 4472 individuis
906 4400 1108 4473 Trinitatis.
1141 4399 1192 4472 Ut
1220 4417 1414 4499 praesentes
1439 4378 1718 4477 „omittemus

127 4517 297 4590 amittant
312 4533 349 4590 et
366 4517 480 4591 futuri
493 4521 626 4608 sciant,
641 4520 710 4595 hoc
722 4523 899 4622 scriptum
910 4524 949 4595 in
962 4523 1105 4599 scriniis
1116 4520 1511 4596 nostrisreservabitur.
1543 4503 1553 4545 ‘¹

126 4636 219 4709 Nam
231 4637 319 4712 adiit
328 4643 558 4740 praesentirm
572 4660 748 4733 nostram,
766 4643 1030 4721 monachorum
1043 4646 1156 4717 sancti
1172 4645 1269 4717 Petri
1285 4644 1515 4717 carnotensis
1588 4654 1590 4659 ’

127 4758 306 4850 coenobii,
330 4761 478 4862 quidam
495 4764 616 4852 miles,
639 4764 832 4839 Balduinus
849 4767 1017 4857 nomine,
1039 4790 1188 4866 poscens
1205 4766 1416 4865 suppliciter
1427 4791 1515 4865 qua-

127 4881 225 4953 tinus
244 4907 329 4955 eum
350 4884 549 4960 faceremus
572 4884 813 4976 monachum
843 4886 941 4989 quod
967 4889 1173 4960 annuimus.
1198 4887 1246 4959 Et
1267 4900 1417 4986 propter
1444 4885 1513 4961 hoc
