4462 6120
239 1428 249 1473 l
264 1427 356 1474 octobr.
371 1426 428 1475 9⁴0.

983 702 1331 779 MONASTERlUM

927 985 1279 1078 CAPITULUM
1313 991 1372 1077 ΙΙ.

475 1215 518 1273 De
533 1213 691 1295 agripenno
707 1222 789 1269 terrea
804 1208 841 1268 ad
856 1208 1047 1290 plantandum
1063 1211 1195 1284 vineam,
1211 1234 1228 1271 a
1243 1213 1391 1272 canonicis
1405 1213 1436 1272 in
1452 1212 1549 1272 clauso
1564 1210 1739 1270 dominicato
1752 1209 1831 1271 dato.

505 1447 523 1485 u
536 1418 578 1489 ln
596 1417 746 1490 nomine
759 1431 892 1489 sanctae
905 1431 942 1489 et
956 1414 1150 1489 individuae
1165 1416 1369 1490 Trinitatis.
1385 1416 1459 1490 Nos
1474 1416 1638 1488 canonici
1654 1441 1697 1488 ex
1711 1440 1854 1489 monas-

454 1540 547 1613 terio
565 1539 686 1612 Sancti
700 1539 817 1627 Petri,
832 1535 933 1640 quod
945 1553 999 1611 est
1017 1539 1055 1611 in
1070 1537 1249 1613 suburbio
1263 1539 1429 1614 Carnotis
1444 1538 1619 1629 civitatis,
1634 1535 1766 1610 divinis
1779 1538 1854 1611 lau·

453 1661 558 1735 dibus
586 1663 808 1750 insistentes,
833 1677 966 1737 notum
989 1661 1066 1736 lieri
1092 1664 1261 1736 volumus
1278 1664 1419 1737 cunctis
1441 1678 1574 1737 sanctae
1594 1662 1657 1734 Dei
1680 1660 1853 1736 aeclesia

453 1783 619 1858 fidelibus
649 1783 890 1884 praesentibus
919 1785 1056 1859 scilicet
1083 1800 1191 1887 atque
1218 1784 1377 1875 futuris,
1409 1785 1493 1887 quia
1525 1785 1673 1856 veniens
1703 1781 1852 1885 quidam

453 1906 587 1999 bomo,
615 1908 765 1982 nomine
790 1904 1033 1995 Teodericus,
1063 1922 1148 1981 ante
1175 1908 1407 2008 praesentiam
1431 1922 1613 1996 nostram,
1640 1906 1853 2005 suppliciter

453 2030 651 2128 postulavit
667 2047 709 2102 ut
721 2029 790 2102 sibi
807 2044 845 2103 et
863 2028 969 2104 uxori
985 2054 1082 2117 suar,
1099 2029 1248 2104 nomine
1262 2029 1486 2117 Dominieae,
1502 2026 1588 2102 filiae
1603 2054 1669 2101 nec
1685 2054 1761 2102 non
1775 2054 1851 2105 suae

452 2151 601 2241 Gerois,
626 2179 743 2226 unum
767 2153 985 2253 aripennum
1008 2166 1116 2227 terrae
1142 2151 1211 2225 sub
1236 2178 1348 2225 manu
1375 2150 1480 2225 lirma
1503 2149 1782 2226 concederemus
1805 2152 1849 2227 ad

452 2274 686 2375 plantandam
711 2273 803 2348 inibi
830 2275 990 2364 vineam,
1020 2275 1057 2348 in
1086 2274 1208 2349 clauso
1223 2272 1447 2348 dominicato
1473 2272 1647 2362 fratrum,
1664 2272 1710 2346 ab
1727 2272 1850 2347 usibus

451 2425 579 2474 eorum
595 2399 720 2473 multis
733 2426 916 2474 annorum
934 2394 1124 2471 curriculis
1141 2396 1337 2486 abstracto,
1353 2424 1452 2470 nunc
1466 2424 1566 2486 vero,
1583 2398 1674 2469 sicut
1691 2396 1736 2469 ab
1756 2399 1851 2471 anti·

449 2546 539 2621 quo,
546 2524 642 2621 juste
652 2520 809 2611 reddito,
822 2522 885 2622 qui
898 2546 1013 2621 prope
1024 2521 1145 2593 Sancti
1160 2517 1369 2593 Michahelis
1377 2519 1576 2593 aecclesiam
1584 2519 1763 2593 consistit.
1774 2519 1849 2596 Nos

448 2668 556 2732 vero,
575 2660 690 2716 ratam
703 2646 778 2744 ejus
790 2644 1006 2742 petitionem
1020 2640 1306 2728 considerantes,
1326 2639 1502 2740 quicquid
1515 2639 1621 2715 nobis
1634 2641 1849 2741 supplicarit

448 2763 606 2867 benigne
621 2766 833 2840 assensimus
848 2781 883 2839 et
896 2764 1137 2839 concessimus
1153 2760 1330 2862 praedicto
1347 2762 1485 2835 scilicet
1498 2761 1715 2853 Teoderico‚
1726 2766 1849 2840 uxori·

446 2914 519 2988 que
531 2915 603 2962 suae
611 2889 828 2977 Dominicae,
839 2887 996 2989 filiaeque
1008 2914 1137 2963 eorum
1149 2886 1325 2973 Geroisae,
1339 2885 1496 2960 eundem
1507 2904 1616 2960 terrae
1628 2888 1847 2989 aripennum

447 3009 490 3083 ad
507 3010 739 3111 plantandam
756 3028 793 3085 et
810 3009 1090 3087 construendam
1110 3007 1200 3081 inibi
1219 3009 1380 3096 vineam,
1408 3035 1479 3080 una
1505 3035 1589 3080 cum
1608 3035 1786 3084 consensu
1810 3029 1847 3085 et

445 3136 621 3232 permissu
633 3134 758 3212 domni
775 3134 886 3237 Agani
904 3133 1069 3235 proesulis
1077 3188 1089 3222 ,
1109 3134 1173 3234 qui
1193 3134 1232 3205 in
1249 3133 1426 3234 regimine
1443 3132 1587 3206 videtur
1606 3131 1737 3207 habere
1751 3134 1845 3208 idem

445 3258 678 3348 coenobium,
698 3260 761 3361 qui
779 3260 887 3333 etiam
901 3238 1120 3331 terminatur
1133 3258 1179 3329 ab
1196 3283 1273 3330 uno
1290 3255 1414 3344 latere,
1433 3273 1528 3359 terra
1546 3258 1667 3330 Sancti
1683 3258 1773 3330 Piati
1783 3311 1794 3346 ,
1809 3275 1846 3331 et

443 3381 510 3455 alia
527 3400 647 3483 parte,
669 3400 764 3456 terra
777 3384 895 3455 Sancti
915 3382 1033 3468 Petri3
1054 3381 1100 3454 ab
1117 3407 1191 3454 una
1206 3381 1344 3469 fronte,
1363 3381 1419 3452 via
1433 3380 1579 3480 publica
1588 3408 1671 3482 quae
1684 3380 1786 3454 ducit
1800 3380 1845 3456 ad

443 3508 563 3579 Sancti
580 3507 726 3581 Martini
743 3507 1024 3594 monasterium,
1040 3504 1111 3581 alio
1128 3531 1276 3607 quoque
1292 3505 1403 3579 latere
1414 3522 1450 3579 et
1462 3504 1607 3595 fronte,
1624 3521 1719 3578 terra
1734 3506 1844 3606 ipsius

442 3627 570 3719 clausi,
583 3655 628 3704 eo
641 3630 777 3703 scilicet
790 3629 941 3705 rationis
959 3645 1087 3704 tenore
1103 3625 1268 3701 dedimus
1286 3627 1371 3716 illis,
1389 3644 1430 3700 ut
1447 3629 1637 3700 annuatim
1649 3626 1843 3700 festivitate

442 3751 563 3823 Sancti
582 3752 700 3839 Petri,
719 3777 802 3853 quae
820 3751 941 3826 evenit
959 3775 1026 3824 vn1
1045 3748 1212 3825 kalendas
1233 3750 1402 3841 marcias,
1421 3749 1637 3822 censualiter
1654 3748 1811 3824 solidum
1830 3779 1840 3821 r

440 3872 579 3946 solvere
606 3873 772 3946 studeant
793 3872 957 3973 partibus
982 3872 1152 3945 fratrum.
1179 3871 1291 3971 Quod
1312 3872 1340 3943 si
1363 3898 1406 3943 ex
1431 3870 1500 3946 hoc
1528 3898 1637 3945 censu
1659 3870 1751 3944 tardi
1779 3890 1841 3944 aut

439 3997 664 4097 negligentes
687 3998 895 4085 extiterint,
927 3996 1091 4097 legaliter
1115 3993 1308 4070 emendent
1338 4012 1375 4068 et
1400 3994 1500 4095 quod
1523 4012 1646 4068 tenere
1669 3994 1841 4068 videntur

439 4119 543 4192 nullo
561 4119 671 4196 modo
687 4119 853 4220 perdant.
871 4119 1042 4193 Dedimus
1054 4120 1163 4193 etiam
1176 4121 1226 4193 eis
1238 4119 1425 4192 licentiam
1438 4118 1546 4192 dandi
1565 4119 1621 4192 vel
1637 4115 1837 4207 vendendi,

439 4259 551 4340 prout
569 4259 796 4343 oportunum
816 4244 865 4314 eis
888 4242 1019 4332 luerit,
1044 4244 1250 4344 cuicunque
1268 4242 1474 4332 voluerint,
1491 4259 1634 4314 tantum
1651 4260 1692 4313 ut
1715 4238 1842 4314 vendi-

440 4365 557 4438 tiones
583 4366 622 4437 in
646 4391 731 4437 usus
751 4364 909 4440 lratrum
925 4369 1087 4439 veniant.
1108 4368 1194 4438 Haec
1211 4392 1299 4441 vero
1320 4367 1455 4439 cartula
1473 4383 1515 4438 ut
1532 4367 1652 4439 verius
1673 4362 1840 4437 credatur

439 4503 475 4559 et
488 4488 628 4559 firmius
639 4513 704 4588 per
717 4504 847 4560 cuncta
861 4504 1026 4561 teneatur
1038 4506 1221 4587 tempora,
1238 4486 1403 4586 praedicti
1417 4489 1568 4562 senioris
1581 4486 1705 4563 domni
1721 4485 1836 4586 Agani

438 4611 602 4708 praesulis
618 4610 786 4684 manibus
804 4611 1050 4687 roborandam
1065 4613 1314 4713 poposcimus,
1336 4630 1373 4685 et
1390 4639 1457 4686 nos
1473 4612 1602 4686 exinde
1618 4637 1730 4683 manu
1748 4635 1839 4708 pro-

436 4734 513 4831 pria
543 4733 777 4808 firmavimus.
802 4734 969 4836 Aganus,
989 4736 1270 4810 Carnotensium
1291 4733 1436 4807 humilis
1460 4737 1662 4834 episcopus.
1685 4732 1836 4820 Alveus,

436 4853 583 4929 humilis
607 4856 786 4956 presbiter
805 4874 842 4931 et
862 4857 1095 4931 archiclavus.
1118 4857 1318 4949 lohannes,
1346 4856 1538 4958 presbiter.
1567 4854 1833 4956 Majenfredus,
