4462 6120
753 770 789 844 S.
807 769 950 844 PETRI
975 764 1315 842 CARNOTENSIS.
1688 768 1731 835 15

335 921 488 999 chorum
501 921 640 996 fuerint
653 975 663 1011 ,
678 945 721 991 an
735 915 970 1019 postmodum
989 914 1207 989 clericorum
1220 909 1465 1013 temporibus,
1486 938 1578 1015 quos
1597 913 1731 1013 proesul

333 1045 548 1122 venerabilis
558 1045 706 1143 Hagauo
722 1043 760 1114 in
774 1040 855 1115 loco
866 1054 1067 1113 restaurato
1082 1038 1255 1124 instituit,
1267 1036 1512 1136 omnipotenti
1526 1036 1601 1110 Deo
1613 1034 1732 1108 famu·

333 1169 482 1242 laturos.
503 1166 642 1242 Verum
664 1161 915 1266 quorumlibet
937 1159 1077 1234 fuerint
1085 1159 1289 1262 legentibus
1313 1159 1603 1259 investigandum
1617 1160 1733 1233 relin-

332 1315 408 1391 quo
415 1343 426 1377 ,
440 1314 486 1362 ne
499 1287 596 1363 forte
607 1314 626 1358 a
639 1284 862 1385 peritissimis
871 1282 926 1356 vel
940 1280 1220 1382 sapientioribus
1235 1280 1477 1384 periphrastes
1494 1309 1557 1357 seu
1569 1282 1731 1357 alucina-

333 1427 394 1485 tor
412 1411 548 1485 insulso
566 1433 732 1483 sermone
750 1407 926 1481 inveniar.
946 1406 1139 1479 Exrtvctr.

973 1656 1079 1727 lruu.

767 1742 786 1776 <a

380 1882 482 1954 Xlll.
503 1879 685 1974 Quoniam
702 1877 851 1980 quidem
867 1880 904 1950 in
920 1878 1064 1977 epilogo
1078 1877 1292 1977 praescripto
1310 1878 1460 1950 memini
1477 1904 1535 1953 me
1550 1880 1730 1980 scripsisse

331 2001 789 2079 canonicorumfamulatui
798 2000 1028 2076 hunclocum
1036 1999 1093 2072 bis
1105 2026 1178 2074 esse
1186 1998 1403 2100 delegatum,
1414 2016 1606 2102 postquam
1614 2003 1729 2078 Heliae

331 2125 526 2200 insatiabili
544 2141 598 2199 est
614 2125 849 2224 depravatum
867 2121 1087 2211 ambitione,
1103 2124 1236 2199 iccirco
1252 2122 1424 2197 himerici
1441 2125 1605 2223 praesulis
1621 2129 1729 2228 scrip·

330 2264 422 2337 tum,
440 2251 478 2322 in
496 2246 650 2322 archivis
664 2248 799 2322 nostris
813 2247 1018 2335 inventurn,
1040 2247 1080 2319 in
1098 2246 1349 2321 testimonium
1362 2249 1511 2347 sumpsi,
1529 2250 1593 2350 qui
1610 2251 1729 2326 multo

330 2388 493 2472 tempore
506 2387 591 2445 ante
603 2369 848 2445 venerabilem
860 2369 1074 2470 Aganonem
1087 2370 1245 2444 extitisse
1256 2368 1472 2446 dinoscitur.
1490 2372 1608 2467 Quem
1618 2375 1729 2450 etiam

327 2496 590 2569 monasterium
609 2495 687 2570 solo
710 2509 816 2568 tenus
837 2521 856 2566 a
879 2495 1131 2567 transmarinis
1153 2492 1319 2568 dirutum
1337 2511 1375 2568 et
1396 2495 1505 2595 ipsius
1528 2497 1671 2597 scriptis
1691 2516 1729 2572 et

328 2618 451 2691 eximii
463 2617 679 2719 Ragenfredi
685 2672 696 2707 ,
708 2621 782 2717 ejus
791 2617 1018 2706 successoris,
1026 2617 1223 2692 didicimus
1231 2618 1389 2719 pleniter
1398 2636 1612 2695 restaurasse
1621 2637 1730 2724 atque

330 2743 513 2816 canonicis
539 2767 624 2814 cum
644 2740 862 2815 victualibus
884 2741 1128 2842 stipendiariis
1151 2742 1349 2816 tradidisse.
1375 2744 1438 2818 Set
1460 2744 1544 2845 quia
1566 2743 1728 2822 fidelium

326 2863 497 2954 donaria,
519 2866 743 2965 scriptorum
764 2867 936 2966 penuria,
962 2865 1028 2939 illo
1051 2868 1089 2938 in
1111 2881 1276 2966 tempore
1292 2884 1355 2939 aut
1372 2892 1448 2940 non
1467 2883 1554 2940 sunt
1568 2869 1726 2968 scripta,

326 3006 388 3060 aut
407 2990 435 3059 si
453 3004 539 3060 sunt
556 2990 709 3088 scripta,
727 2987 954 3087 neglegentia
972 2987 1307 3076 archiscriniorum,
1328 3016 1404 3088 prae
1422 2990 1536 3064 nimia
1551 3006 1728 3067 vetustate

325 3129 411 3183 sunt
437 3109 597 3199 aboleta;
624 3109 705 3186 ideo
728 3110 772 3183 de
797 3111 957 3212 antiquis
976 3112 1087 3185 cartis
1113 3111 1252 3184 nullam
1280 3129 1413 3211 praeter
1432 3114 1537 3187 istam
1563 3115 1728 3190 invenire

325 3234 436 3323 valui,
448 3261 528 3334 quae
542 3234 745 3335 subscripta
760 3236 883 3308 innuit
897 3236 993 3336 regia
1006 3233 1183 3336 dignitate
1192 3236 1390 3334 privatum,
1407 3261 1448 3309 ac
1459 3238 1610 3337 propria
1623 3237 1728 3312 habi·

326 3358 452 3431 tudine
464 3373 630 3447 exutum,
643 3359 828 3432 canonicis
845 3357 944 3431 hunc
961 3358 1082 3434 locum
1095 3383 1169 3431 esse
1181 3356 1368 3431 traditum.
1388 3359 1447 3432 Sic
1462 3361 1582 3462 itaque
1596 3361 1726 3461 incipit

324 3478 497 3554 himerici
508 3483 673 3581 praesulis
687 3485 864 3581 scriptum
878 3499 885 3524 ¹
903 3513 911 3554 ε
931 3514 950 3553 a
963 3484 1054 3556 Cum
1065 3480 1381 3555 christianissimus
1391 3498 1499 3583 atque
1509 3481 1723 3576 catholicus,

324 3602 417 3678 divae
435 3605 695 3681 moderationis
716 3629 785 3705 ope
804 3606 1042 3705 suffragante,
1064 3605 1320 3679 invictissimus
1336 3605 1536 3705 imperator
1552 3626 1724 3710 augustus

324 3745 454 3801 sanctae
480 3745 516 3801 et
542 3729 752 3802 universalis
775 3729 941 3802 aecclesiae
967 3743 1101 3800 statum
1125 3728 1366 3827 provectioris
1390 3728 1525 3830 fastigii
1546 3729 1726 3833 dignitate

324 3848 519 3924 sublimare
542 3866 715 3950 cuperet,
745 3877 791 3923 ne
817 3851 936 3951 aliqua
965 3851 1019 3922 sui
1049 3849 1194 3922 habitus
1226 3865 1329 3950 parte
1350 3850 1491 3928 fuscare
1523 3854 1722 3948 videretur,

323 3975 400 4071 pari
419 3988 506 4049 voto
523 3973 673 4074 parique
691 3999 869 4049 consensu
890 3973 1033 4074 imperii
1052 3974 1104 4046 sui
1120 3971 1366 4065 obtimatum,
1386 3977 1543 4075 protulit
1563 3977 1723 4054 edictum

324 4113 366 4167 ut
387 4097 556 4169 universa
583 4097 844 4171 canonicorum
864 4097 1015 4170 claustra
1037 4098 1074 4170 in
1095 4123 1211 4198 regno
1229 4125 1295 4174 suo
1312 4101 1563 4191 consistentia,
1589 4101 1724 4207 absque

324 4244 450 4293 census
476 4218 688 4296 conditione
708 4218 877 4321 deinceps
897 4218 1062 4296 absoluta
1085 4237 1359 4318 permanerent,
1391 4225 1582 4324 quatinus,
1612 4225 1723 4304 abso-

365 4502 374 4527 ¹
384 4491 420 4551 ln
430 4493 496 4552 cod.
509 4492 532 4553 B
543 4493 621 4552 idem
632 4492 767 4551 himerici
776 4495 917 4574 seriptum
931 4493 1005 4571 (edi-
1038 4507 1068 4552 ut
1077 4493 1207 4576 prudens
1223 4495 1311 4555 lector
1323 4499 1470 4581 intellegat
1478 4515 1547 4583 post
1563 4501 1719 4562 &solatio-

323 4604 384 4649 turn
395 4592 424 4650 in
444 4592 548 4651 Gallia
564 4590 745 4662 Cbn'stiana,
762 4604 782 4650 t.
794 4592 890 4666 VIII,
903 4595 1002 4666 instr.,
1037 4613 1099 4650 nem
1119 4590 1207 4672 hujus
1228 4595 1285 4653 loci
1303 4618 1367 4678 quae
1390 4599 1464 4681 cepit
1473 4598 1549 4680 fieri
1561 4601 1615 4660 sub
1629 4603 1722 4662 Helia

322 4691 377 4750 col.
393 4687 464 4771 287)
476 4691 519 4749 bis
533 4691 718 4772 subjungitur
731 4692 846 4751 verbis:
862 4691 949 4771 Quod
962 4715 1004 4751 se·
1036 4692 1168 4772 episcopo
1180 4690 1224 4749 bis
1238 4713 1300 4751 esse
1313 4692 1477 4776 delegatum
1488 4696 1599 4755 clericis
1614 4711 1641 4754 ct
1656 4711 1723 4755 tan-

323 4789 422 4869 quitur
434 4785 573 4868 scriptum
588 4786 926 4847 Haimericiocnerabilis
943 4790 1005 4870 epi·
1039 4787 1164 4847 tamdem
1194 4787 1351 4848 monachis.
1385 4792 1517 4851 Concitet
1543 4805 1639 4853 autem
1669 4793 1723 4853 boc

322 4885 403 4967 scopi
415 4885 478 4943 ideo
492 4887 520 4943 in
532 4886 694 4946 executione
710 4882 798 4965 hujus
812 4887 905 4968 operis
913 4887 1005 4968 posui
1039 4885 1143 4944 modo:
1157 4908 1221 4946 cum
1235 4885 1511 4962 christt'unissthtus,
1523 4904 1582 4952 etc.
