4462 6120
638 690 674 759 S.
695 687 836 759 PETRI
862 684 1197 760 CARNOTENSIS.
1542 686 1614 761 203

225 827 344 928 bergis
356 845 393 904 et
406 830 602 921 Hersindis,
616 858 757 908 sorores
767 830 944 919 defuneti3
959 833 1150 932 Gerogius,
1165 832 1384 918 Gualterius,
1397 827 1612 929 Stephanus,

224 950 404 1025 Ansoldus
415 970 453 1026 et
464 951 659 1042 Guarinus,
674 969 824 1054 nepotes
837 957 924 1053 ejus.
942 955 996 1026 Ex
1008 970 1108 1053 parte
1118 952 1382 1028 monachorum
1400 951 1616 1026 :Gauslinus

224 1071 268 1146 de
284 1074 431 1174 leugis,
446 1077 683 1176 lngelrannus
696 1076 742 1151 de
755 1077 912 1152 Nociaco
921 1129 932 1165 ,
952 1075 1157 1150 Gualterius
1172 1091 1370 1177 trapezeta,
1385 1074 1612 1162 Gualterius,

224 1193 321 1267 filius
333 1195 550 1272 Gaudeberti
560 1229 571 1287 3
591 1199 772 1273 Hitdulfus
784 1217 821 1274 et
833 1198 1058 1289 Gaussridus,
1078 1199 1222 1289 fratres3
1239 1195 1465 1288 Gunbaldus,
1483 1197 1616 1270 'resce-

223 1316 338 1407 linus,
354 1317 571 1412 Adventius,
590 1323 816 1401 Lamentius.
836 1353 855 1392 »

595 1579 952 1674 CAPITULUM
991 1583 1239 1670 Lxxvlt.
1301 1572 1328 1652 Ϊ

764 1827 807 1887 De
821 1828 911 1888 alodis
925 1828 1066 1888 Mesliuei.

273 2054 467 2127 «Praesens
494 2055 651 2127 aecclesia
677 2082 742 2153 per
768 2082 877 2157 quam
902 2059 975 2127 itur
998 2057 1041 2127 ad
1065 2058 1162 2129 illam
1187 2057 1371 2130 coelestem
1391 2081 1475 2158 quae
1502 2055 1615 2127 nescit
1639 2071 1730 2118 siun.
1744 2071 1825 2132 1070·Ι

221 2173 319 2246 abire
343 2173 471 2262 finem,
498 2202 639 2275 semper
661 2176 804 2275 quidem
828 2204 848 2248 a
869 2177 1003 2250 Christi
1025 2177 1190 2250 fidelibus
1215 2178 1398 2250 beneficiis
1415 2176 1555 2249 dilatari
1578 2195 1614 2249 et

221 2295 344 2393 aligeri
366 2296 479 2386 solet,
503 2310 559 2384 et,
588 2297 757 2396 quamuis¹
773 2296 939 2372 diabolus
959 2297 1051 2373 dolis
1076 2297 1445 2398 infestacionibusque
1464 2323 1615 2401 suorum

220 2417 414 2506 satellitum
447 2445 524 2491 eam
561 2418 740 2492 debellare
772 2420 941 2509 festinet,
980 2437 1127 2512 tamen,
1163 2419 1244 2494 fidei
1280 2419 1476 2511 stabilitate
1508 2434 1614 2523 atque

221 2540 379 2611 caritatis
407 2539 578 2615 firmitate
600 2540 777 2634 subnixa,
801 2541 999 2618 immobilis
1023 2570 1136 2644 usque
1162 2546 1199 2615 in
1228 2542 1338 2616 finem
1360 2540 1469 2614 seculi
1494 2542 1616 2615 invin-

219 2660 407 2761 cibilisque
431 2662 672 2761 permanebit.
700 2666 825 2764 ltaque
850 2663 915 2737 filii
945 2668 1040 2764 ejus,
1070 2691 1139 2763 pro
1166 2665 1220 2736 sui
1246 2663 1456 2764 capacitate,
1484 2661 1554 2736 fide
1577 2680 1613 2736 et

219 2784 365 2856 caritate
396 2783 569 2874 radicati,
603 2803 746 2860 terrena
773 2786 909 2887 praedia
936 2787 1211 2888 mundanasque
1234 2786 1375 2859 divitias
1403 2787 1610 2858 summatri

217 2904 435 2996 conferunt,
466 2925 508 2979 ut
538 2935 607 3006 pro
637 2908 779 2982 caducis
809 2927 845 2984 et
874 2911 1027 2983 terrenis
1055 2909 1164 2983 rebus
1195 2925 1404 2989 mercentur
1433 2907 1609 2982 coelestes.

217 3023 339 3112 Unde,
364 3027 457 3098 sicut
476 3027 687 3100 scribuntur
712 3030 749 3101 in
773 3029 956 3103 coelorum
978 3029 1080 3116 albo,
1107 3031 1154 3101 ita
1176 3029 1329 3129 dignum
1352 3045 1404 3103 est
1424 3045 1610 3104 uteorum

217 3148 364 3219 nomina
385 3147 547 3247 apicibus
570 3151 756 3225 memoriae
779 3149 939 3223 fidelium
964 3149 1173 3241 tradantur,
1195 3151 1368 3250 quatinus
1393 3149 1438 3221 ab
1462 3128 1545 3249 ipsis
1567 3151 1610 3224 ad

216 3267 333 3340 Deum
346 3294 414 3368 pro
435 3268 504 3344 illis
517 3295 658 3368 semper
674 3287 814 3360 oretur,
833 3288 873 3343 ut
890 3272 929 3344 in
944 3271 1219 3345 resurrectionis
1232 3270 1347 3370 gloria
1361 3270 1456 3342 inter
1469 3287 1609 3346 sanctos

215 3392 415 3464 resuscitati
449 3393 641 3492 respirent.
676 3395 793 3494 lgitur
823 3420 891 3494 ego
925 3393 1145 3482 landricus,
1184 3391 1344 3466 coenobii
1381 3392 1609 3477 carnutensis

214 3511 342 3604 abbas,
361 3530 398 3588 et
413 3516 533 3605 omnis
549 3516 813 3593 monachorum
830 3544 917 3617 grex
935 3515 1045 3590 michi
1062 3517 1291 3603 commissus,
1311 3513 1431 3594 inbac
1446 3511 1606 3606 scedula,

215 3635 362 3708 nomina
378 3662 508 3734 eorum
518 3639 767 3711 mandavimus
780 3664 928 3738 ponere,
944 3640 1008 3738 qui
1021 3639 1058 3710 in
1071 3638 1153 3714 loco
1167 3639 1230 3738 qui
1243 3652 1394 3710 vocatur
1405 3634 1605 3723 Mesliacus,

213 3773 337 3832 sancto
354 3760 483 3851 Petro,
501 3786 569 3860 pro
583 3759 772 3834 animabus
788 3761 880 3852 suis,
898 3763 1067 3859 proprios
1083 3759 1216 3833 fundos
1231 3757 1481 3832 contulerunt.
1503 3756 1608 3851 Quo-

212 3880 473 3979 cumprimum
492 3883 580 3978 poni
599 3883 770 3980 jussimus
792 3883 1045 3956 Germundum
1060 3881 1322 3984 presbiterum,
1340 3881 1424 3983 qui,
1442 3877 1607 3955 habitum

212 4000 453 4076 monachilem
467 4005 683 4102 suscipiens,
699 4021 741 4094 et
752 4002 908 4077 fundum
925 4021 962 4077 et
977 4005 1100 4079 omnia
1115 4030 1197 4105 quae
1215 4002 1340 4076 babuit
1357 4017 1482 4076 sancte
1497 4002 1605 4077 Petro
1711 4027 1712 4030 ’

211 4123 375 4224 reliquit.
395 4123 621 4214 Secundum,
640 4123 854 4216 Radulfum,
873 4144 1013 4224 patrem
1026 4125 1202 4201 Gualterii
1220 4125 1433 4214 monetarii,
1447 4123 1511 4227 qui
1524 4149 1606 4198 mo-

211 4246 308 4318 riens
324 4244 481 4319 fundum
497 4272 604 4320 suum
625 4264 750 4322 sancto
766 4251 875 4324 Petro
891 4248 1039 4320 dimisit.
1060 4249 1232 4322 Tercium
1241 4303 1253 4338 ,
1272 4245 1429 4320 eundem
1443 4242 1604 4322 VValte-
1620 4297 1621 4300 =

210 4368 331 4456 rium,
358 4369 421 4468 qui
451 4395 544 4469 quos
567 4372 689 4470 potuit
717 4397 836 4446 emere
861 4372 900 4444 in
925 4370 1050 4445 eodem
1078 4371 1160 4446 loco
1189 4367 1321 4444 fundos
1345 4384 1470 4443 sancto
1493 4369 1603 4447 Petro

210 4489 367 4580 dimisit,
391 4516 460 4593 pro
483 4492 601 4566 anima
622 4491 689 4566 filii
712 4495 767 4566 sui
790 4492 972 4566 Gausfridi
995 4493 1115 4566 clerici
1127 4548 1140 4584 ,
1159 4509 1202 4564 ut
1219 4495 1295 4591 ejus
1317 4487 1603 4563 anniversarium

211 4613 399 4684 annuatim
418 4611 497 4701 liat,
521 4639 605 4686 eum
623 4615 734 4714 signis
752 4614 964 4687 sonantibus
971 4644 981 4701 ;
1000 4613 1154 4687 redemit
1172 4613 1281 4687 etiam
1297 4610 1403 4685 nobis
1420 4609 1512 4683 duos
1528 4609 1602 4681 ari·
1678 4704 1685 4711 ο

210 4757 350 4831 pennos
362 4736 478 4810 viueae
491 4736 531 4808 in
545 4734 664 4810 clauso
678 4751 805 4811 nostro
813 4789 825 4826 ,
841 4740 944 4836 juxta
961 4729 1134 4809 Saucuun
1148 4731 1464 4822 Bartholomeum,
1480 4754 1601 4804 versus

210 4852 395 4928 meridiem
402 4883 507 4955 ,pm
529 4859 647 4932 enimn
669 4859 788 4958 putrui
812 4859 865 4931 sui
888 4860 1059 4950 Hatonis,
1083 4872 1125 4929 ut
1147 4855 1298 4956 singulis
1319 4853 1423 4926 annis
1441 4850 1506 4925 fiat
1525 4855 1601 4951 ejus
