4462 6120
414 737 518 811 cxxiv
922 717 1315 809 rnoosoonnans.

414 887 470 964 Le
497 886 585 992 plus
605 901 786 982 souvent,
807 902 909 967 cette
937 883 1203 993 gratification
1220 912 1262 962 se
1286 882 1418 991 payait
1440 911 1490 961 en
1517 901 1659 991 argent
1685 902 1726 964 et
1753 915 1805 966 ne
1847 932 1851 937 ·

414 1024 494 1100 s’en
515 1025 710 1102 nommait
732 1051 801 1130 pas
826 1025 956 1113 moins
978 1023 1124 1129 gunni,
1152 1022 1291 1114 worth,
1313 1021 1442 1127 gazeti,
1465 1019 1726 1101 clsimtlsecae:
1749 1022 1806 1103 les

412 1162 539 1264 gunni
551 1158 905 1267 correspondaient
919 1158 1024 1239 donc
1039 1161 1061 1237 a
1074 1186 1117 1238 ce
1133 1186 1210 1268 que
1225 1186 1327 1238 nous
1344 1156 1535 1265 appelons
1547 1157 1602 1237 les
1616 1158 1803 1269 e'pingles.

414 1437 475 1494 vini
486 1478 494 1506 ,
507 1448 536 1494 et
550 1449 652 1516 quater
662 1437 766 1519 viginti
778 1450 807 1497 et
820 1451 884 1498 octo
896 1459 984 1519 panes
997 1439 1029 1496 in
1041 1459 1095 1497 na·
1128 1437 1194 1496 liter
1206 1439 1316 1496 ratione
1327 1438 1422 1495 uxoris
1435 1456 1503 1510 sue,
1516 1457 1532 1493 a
1543 1434 1661 1495 domino
1670 1439 1804 1519 episeopo

413 1530 464 1588 tali
483 1530 620 1606 Domini,
645 1547 673 1593 et
698 1534 734 1593 de
760 1534 928 1594 venditione
951 1546 1092 1593 terrarum
1130 1533 1318 1609 carnotensi,
1333 1536 1483 1614 majoriam
1500 1546 1529 1592 et
1543 1534 1738 1612 serjanterism
1754 1535 1807 1599 des

413 1627 460 1687 vel
478 1628 629 1688 domorum
644 1629 721 1689 dicte
735 1631 820 1703 villo,
839 1630 933 1690 dictus
949 1628 1093 1709 majordo
1130 1631 1310 1706 Chastelers,
1327 1653 1392 1690 cum
1409 1632 1545 1691 omnibus
1562 1624 1760 1711 pertinentiis,
1776 1647 1807 1694 et

412 1724 548 1803 predictis
564 1726 667 1787 vendis
682 1727 769 1788 habet
783 1729 956 1788 cerothocas.
967 1729 1011 1787 De
1023 1749 1093 1807 qaia·
1126 1742 1245 1811 propter
1254 1729 1310 1789 hoc
1323 1728 1401 1789 idem
1417 1728 1481 1788 Odo
1494 1729 1581 1790 homo
1595 1742 1638 1789 est
1650 1729 1737 1812 ligius
1749 1726 1806 1791 do·

412 1823 702 1886 libetcitationciacta
709 1849 761 1907 per
768 1827 877 1887 dictum
885 1826 1091 1908 majorem,rel
1126 1828 1199 1887 mini
1217 1829 1345 1909 episcopi
1363 1826 1550 1888 carnotensis
1565 1839 1667 1888 contra
1685 1848 1805 1903 omues,

413 1941 465 1999 per
476 1921 644 1981 mandatum
660 1925 723 2002 ejus
737 1923 774 1983 dc
788 1924 923 2004 gentibus
937 1936 1017 1983 extra
1029 1944 1097 1981 ma·
1131 1935 1160 1981 et
1173 1920 1252 2003 quod
1266 1924 1328 2004 ipse
1341 1925 1493 2004 episcopus
1506 1922 1639 1984 Odonem
1656 1923 1741 1985 debet
1752 1947 1806 2008 gs-

415 2017 517 2093 joriam
534 2020 692 2098 predictam
713 2021 893 2081 morantibus
907 2043 930 2080 n
946 2020 1092 2081 denarios.
1130 2021 1238 2078 rantioe
1260 2032 1360 2079 contu
1384 2042 1495 2080 omues.
1520 2021 1598 2080 Dicit
1619 2021 1706 2081 etism
1729 2021 1806 2084 idem

413 2112 702 2188 Quamdiudomiuus
713 2118 864 2198 episcopus
875 2131 1002 2177 moratur
1012 2115 1091 2197 apud
1128 2112 1193 2174 Odo
1207 2115 1285 2194 quod
1296 2117 1358 2195 ipse
1370 2129 1450 2176 tenet
1464 2117 1541 2177 dicte
1555 2118 1676 2196 majoris
1689 2117 1808 2179 herlim-

413 2208 570 2270 Carnotum
581 2210 675 2270 dictus
686 2214 779 2292 major
789 2213 874 2272 debet
886 2211 1091 2285 comedere,si
1126 2222 1293 2292 gementum
1317 2232 1402 2270 suum
1425 2211 1477 2272 des
1502 2210 1649 2272 Chatelers
1677 2213 1807 2295 quinque

411 2308 489 2383 vult,
512 2310 543 2367 in
563 2311 643 2368 curia
662 2310 774 2370 domini
788 2311 935 2392 episcopi,
954 2313 977 2369 si
993 2323 1090 2369 tamen
1126 2308 1265 2368 sextarios
1278 2321 1308 2368 et
1320 2330 1408 2368 uuam
1421 2311 1530 2368 minam
1541 2321 1618 2369 terre
1633 2331 1765 2372 πωπω
1777 2324 1808 2371 et

412 2403 505 2464 dictus
524 2408 724 2487 episcopusin
745 2409 870 2487 propriis
885 2407 1019 2468 domibus
1037 2430 1092 2467 co-
1126 2427 1213 2466 noem
1233 2404 1270 2465 de
1288 2425 1411 2487 querqu.
1437 2406 1515 2466 Dicit
1535 2409 1622 2467 etiam
1639 2407 1715 2468 idem
1740 2408 1806 2470 Odo

411 2502 543 2562 mederit.
565 2505 667 2563 Dictus
687 2526 754 2563 vero
772 2505 865 2582 major
883 2505 969 2565 debet
990 2528 1092 2587 aspora-
1126 2501 1208 2583 quod
1223 2503 1285 2584 ipse
1299 2502 1385 2562 hahet
1402 2503 1432 2562 iu
1443 2503 1584 2585 granchia
1595 2502 1632 2564 de
1645 2504 1806 2566 Clsastelers

412 2612 472 2658 tare
488 2600 567 2680 apud
582 2601 737 2661 Carnutum
758 2604 880 2665 incuria
899 2604 1010 2664 domini
1028 2606 1092 2686 epi-
1128 2613 1258 2680 tempore
1276 2603 1389 2682 augusti
1415 2613 1488 2661 1111*
1509 2603 1648 2662 sextarios
1665 2615 1695 2663 et
1716 2623 1806 2663 unam

412 2701 490 2777 scopi
517 2719 615 2758 omnes
639 2699 814 2761 redibeutim
840 2701 969 2781 predicte
995 2702 1092 2775 ville,
1128 2698 1237 2756 minam
1259 2697 1341 2758 bladi
1366 2700 1588 2770 decommum,
1614 2713 1643 2759 et
1664 2700 1805 2781 pffiouoe,

412 2794 547 2855 videlicet
575 2796 611 2856 de
638 2798 781 2878 gallinis,
808 2798 844 2858 de
872 2820 985 2873 avena,
1013 2814 1042 2859 ct
1068 2801 1094 2859 le
1134 2797 1271 2855 stramina
1298 2809 1328 2855 et
1346 2796 1470 2879 sonegia
1496 2798 1613 2871 omnia,
1639 2810 1669 2858 et
1692 2798 1806 2879 pDesm

413 2908 526 2953 monton
537 2908 565 2954 et
577 2894 748 2978 lasreceage
756 2943 767 2969 ,
781 2909 811 2956 et
822 2899 1092 2980 campipartagiurn.
1129 2907 1214 2976 prout
1223 2916 1309 2976 scopa
1326 2896 1363 2955 ab
1379 2909 1441 2955 arta
1454 2909 1636 2979 segregatur,
1650 2909 1680 2957 et
1692 2896 1807 2958 medis-

413 2991 449 3051 Et
477 2992 561 3071 debet
587 2994 681 3053 dictus
697 2995 790 3072 major
805 2995 910 3056 habere
934 3018 986 3077 pro
1009 2996 1094 3057 dictis
1128 3008 1216 3056 tatem
1235 2994 1469 3077 stipulationum,
1484 3007 1514 3055 et
1530 2993 1586 3063 hec
1604 2996 1702 3055 omnia
1719 2994 1808 3055 habet

413 3091 530 3172 gallinis
549 3093 732 3173 asportandis
749 3115 840 3154 unum
860 3100 1016 3155 sextarium
1031 3096 1091 3155 vini
1129 3093 1222 3153 dictus
1237 3093 1319 3170 Odo,
1336 3095 1405 3177 quia
1419 3093 1544 3153 famulus
1558 3106 1601 3153 est
1614 3091 1764 3167 feodatus,
1777 3105 1808 3152 et

326 3268 328 3272 .
413 3203 441 3248 et
456 3202 527 3249 ιιιιΜ
543 3213 631 3271 panes
647 3205 799 3253 cttantum
817 3215 870 3274 pro
883 3215 993 3266 arena,
1008 3196 1090 3254 etsie
1126 3210 1259 3256 numerat
1268 3193 1417 3254 feodaliter
1427 3193 1457 3251 in
1469 3191 1614 3251 territorio
1625 3189 1676 3250 dea
1687 3189 1806 3251 Chulc-

412 3309 465 3366 pro
483 3288 568 3360 uliis;
590 3302 619 3348 et
638 3288 673 3348 de
691 3290 819 3351 charreio
839 3293 998 3352 nativitatis
1025 3292 1088 3352 Do-
1127 3291 1191 3352 lers.
1203 3294 1282 3354 Dicit
1291 3293 1377 3352 etiam
1386 3289 1463 3349 idem
1472 3287 1536 3348 Odo
1545 3287 1625 3368 quod
1635 3288 1697 3368 ipse
1707 3286 1805 3361 habet,

412 3387 484 3444 mini
507 3400 536 3446 et
557 3389 714 3449 nativitatis
739 3390 830 3449 sancti
856 3389 1090 3472 lobannis-Bap-
1130 3392 1239 3450 ratione
1257 3390 1396 3470 majoris,
1418 3387 1489 3448 duas
1512 3399 1606 3466 partes
1630 3386 1807 3447 minut-mm

412 3485 476 3542 tiste
496 3485 634 3558 totidem,
651 3500 679 3546 et
696 3508 749 3567 pro
762 3488 891 3568 quolibet
907 3488 1036 3548 charreio
1051 3488 1087 3548 de
1130 3488 1326 3562 decimarum,
1349 3496 1469 3566 excepto
1489 3483 1568 3565 quod
1591 3505 1649 3543 uon
1671 3481 1806 3542 hebetia

412 3584 638 3666 campipartagio
652 3597 680 3644 et
695 3584 730 3645 de
744 3587 864 3646 corveiis
878 3586 1008 3646 totidem.
1022 3585 1091 3647 sin·
1131 3585 1250 3646 decimis
1271 3587 1403 3669 lanarum
1425 3580 1481 3641 nisi
1503 3603 1595 3641 unum
1617 3579 1708 3640 vellus
1729 3580 1808 3660 qnod

413 3683 486 3762 gulis
498 3682 600 3744 diebus
611 3687 754 3766 inquibus
762 3688 857 3748 dictus
868 3690 961 3768 major
973 3688 1018 3748 vel
1028 3691 1092 3768 ejus
1128 3684 1311 3744 maluerit.....
1329 3681 1415 3741 habet
1429 3691 1563 3761 quartam
1578 3691 1689 3760 partem
1701 3698 1808 3738 nemo-

414 3780 583 3840 mandatum
593 3783 660 3860 [sic]
675 3785 704 3842 in
715 3788 804 3864 pratis
815 3785 925 3846 domini
940 3788 1089 3868 episcopi,
1128 3806 1192 3842 rum
1213 3782 1264 3842 det
1279 3782 1426 3842 Chalelffl
1429 3822 1493 3841 ·····
1511 3777 1599 3837 habet
1619 3778 1650 3836 5¹¹
1670 3776 1809 3836 01ωοῐῖ-

415 3901 466 3958 pro
489 3879 608 3939 lennare
623 3881 653 3941 in
671 3881 754 3941 dictis
771 3884 876 3963 pratis,
892 3883 985 3943 dictus
1000 3885 1092 3961 major
1127 3882 1181 3940 bus
1195 3892 1269 3940 11110'
1280 3880 1432 3950 denarios,
1444 3896 1497 3956 pro
1508 3877 1625 3934 conreio
1635 3885 1708 3935 unt*
1716 3873 1809 3935 dena·

414 3977 500 4036 debet
513 3978 618 4038 habere
633 3979 680 4037 rel
692 3980 754 4057 ejus
769 3980 938 4050 mandatum
952 4004 1092 4062 expensas
1128 3981 1195 4038 rios.
1213 4006 1227 4032 ι
1240 3976 1339 4038 chan.
1352 3975 1419 4035 eccl.
1436 3976 1553 4034 Coroot.
1568 3974 1648 4032 Cort.
1660 3970 1806 4045 latta

414 4098 499 4148 suas,
519 4076 653 4135 videlicet
669 4099 793 4158 panem,
809 4081 953 4139 rinumet
969 4100 1089 4151 carnes,
1149 4124 1208 4182 Hic
1238 4136 1280 4180 m
1300 4118 1413 4205 feodus
1440 4115 1559 4198 mjod,
1585 4115 1621 4175 de
1648 4114 1782 4199 capena,

414 4176 437 4233 si
450 4186 562 4254 tempus
573 4189 615 4235 est
627 4175 797 4237 comedendi
808 4202 816 4249 ;
831 4176 897 4236 aliis
909 4198 976 4237 vero
989 4175 1091 4235 dicbus
1389 4213 1458 4279 saec·
1477 4237 1545 4275 xm·

415 4276 443 4330 in
458 4273 562 4352 quibus
577 4296 635 4334 non
651 4275 843 4336 comeduntur
856 4297 972 4349 carnes,
989 4279 1092 4356 coqui-

416 4391 483 4428 nam
501 4385 722 4452 competentem.
744 4373 783 4433 Et
800 4375 836 4434 dc
855 4397 943 4434 censu
961 4374 1093 4434 similiter
1174 4397 1187 4421 α
1205 4366 1328 4444 Maiori&
1356 4377 1399 4424 0⁸1
1422 4362 1512 4422 libem
1538 4372 1567 4421 0¹
1592 4359 1749 4433 immi
1779 4371 1809 4417 ⁹¹

414 4490 504 4527 unum
511 4472 666 4529 sextarium
674 4473 735 4530 riui
747 4485 776 4531 et
784 4484 853 4531 surm
863 4495 961 4553 panes.
973 4500 986 4525 r·
996 4471 1094 4534 Chare.
1130 4489 1205 4527 uuus
1216 4486 1334 4546 campus
1348 4485 1414 4522 cnm
1431 4483 1466 4521 ca
1476 4462 1527 4541 qui
1542 4469 1585 4518 est
1595 4457 1722 4536 majoris,
1733 4456 1810 4517 Dic·

416 4567 482 4625 eccl.
500 4567 618 4630 Comot.
635 4567 713 4627 Bibl.
733 4591 795 4651 roy.
816 4570 896 4629 Cart.
915 4567 972 4648 43,
990 4569 1077 4631 etl.
1130 4580 1176 4626 tus
1191 4566 1283 4644 major
1293 4561 1380 4622 debet
1392 4578 1545 4618 numerare
1557 4576 1610 4636 per
1621 4567 1709 4615 totam
1720 4557 1809 4634 mejo-

436 4711 563 4771 Feodum
580 4711 697 4793 majoris
712 4712 748 4771 de
765 4711 915 4773 Clatelers
934 4714 1066 4773 Guerrr'cr'
1130 4665 1202 4723 riam
1214 4660 1251 4721 de
1261 4659 1395 4774 &penu
1407 4671 1435 4717 et
1446 4656 1519 4770 aulis
1528 4676 1587 4766 non
1598 4665 1692 4767 podest
1704 4674 1810 4767 mm?

550 4785 553 4792 ’
1067 4761 1073 4774 ’
1130 4753 1475 4834 rare,uis1demandato
1491 4752 1809 4835 sparusDrctusmsJor

674 4812 743 4872 3²⁰·
761 4835 827 4873 ¹¹¹¹·
1129 4860 1216 4919 habet
1230 4859 1328 4918 omnia
1344 4854 1481 4914 stramina
1496 4862 1526 4911 et
1539 4849 1664 4931 farragia
1679 4849 1709 4909 in
1722 4866 1810 4930 gn!-

459 4982 472 5006 ιι
490 4955 567 5014 Dicit
587 4956 651 5017 Odo
672 4956 765 5018 dictus
787 4958 922 5032 Pelicon,
946 4963 1038 5038 major
1059 4958 1094 5019 de
1130 4959 1194 5019 chia
1209 4957 1245 5017 de
1258 4953 1395 5035 Capella,
1410 4963 1439 5011 et
1456 4970 1542 5010 omne
1560 4967 1667 5007 vanum
1684 4967 1808 5028 panum

418 5049 561 5113 Chatelcrs
576 5052 729 5136 Guerrici,
745 5055 824 5138 quod
834 5057 896 5139 ipse
909 5068 989 5118 tenet
1000 5055 1094 5118 feoda·
1130 5067 1214 5138 prout
1224 5073 1322 5135 scopo,
1334 5064 1364 5113 et
1370 5048 1519 5111 souchetus
1526 5043 1809 5107 ducitethabetmc-
