4462 6120
751 715 788 788 S.
807 713 951 788 PETRI
976 710 1312 786 CARNOTENSIS.
1657 707 1726 783 ¹30

339 854 499 930 uatibus
516 858 592 934 Deo
610 877 648 933 et
667 878 792 938 sancto
816 861 1001 934 Germano
1012 914 1023 950 ,
1045 861 1085 933 in
1106 860 1190 936 loco
1210 856 1455 932 Bruerolcnsi.
1479 855 1589 929 Dedit
1606 872 1727 929 autem

336 979 508 1076 praelatus
524 983 713 1057 Rainerius
730 1001 854 1059 sancto
875 986 984 1057 Petro
1003 983 1167 1083 apostolo
1188 997 1225 1055 et
1242 995 1368 1055 sancto
1383 980 1586 1066 Germano,
1607 979 1645 1050 in
1662 977 1728 1049 sti-

335 1101 529 1198 pendiariis
549 1103 706 1179 fratrum
728 1104 819 1181 inibi
844 1107 921 1179 Deo
942 1105 1203 1194 militantium,
1227 1103 1366 1181 domno
1388 1129 1455 1178 suo
1479 1104 1633 1201 lingone
1658 1125 1728 1173 an·

336 1239 492 1312 nuente,
519 1226 697 1301 decimam
724 1256 836 1331 quam
861 1226 1009 1304 tenebat
1031 1230 1069 1300 in
1091 1226 1303 1328 Masingilo‚
1327 1228 1392 1328 qui
1413 1247 1548 1299 nomen
1572 1223 1726 1298 sortitur

334 1370 354 1414 a
379 1346 556 1423 Cantante
579 1351 683 1438 Pica3
711 1367 753 1425 nt
780 1351 826 1425 ab
853 1353 931 1451 ipso
957 1349 1100 1449 judice,
1126 1352 1190 1450 qni
1219 1351 1257 1422 in
1291 1348 1369 1423 fine·
1390 1348 1499 1422 seculi
1528 1345 1726 1444 unicuique

335 1483 522 1558 nostrum,
541 1487 654 1569 prout
669 1474 822 1571 quisque
839 1473 1007 1570 gesserit,
1031 1472 1104 1543 sive
1124 1471 1263 1543 bonnm
1287 1471 1359 1542 sive
1381 1470 1539 1556 malum,
1565 1468 1725 1566 accipere

333 1605 535 1663 mereretur
550 1593 635 1662 vitae
654 1607 801 1664 aetcrnae
817 1592 1024 1691 praemium.
1043 1593 1108 1663 Est
1124 1605 1244 1662 autem
1262 1591 1334 1691 ipsa
1351 1590 1488 1663 decima
1506 1592 1545 1661 in
1562 1615 1722 1675 masura,

333 1734 416 1807 quae
440 1709 575 1783 dicitur
597 1714 905 1802 Monticulorum3
931 1713 970 1785 in
992 1712 1058 1785 alia
1075 1737 1223 1812 quoqne
1243 1738 1384 1784 masura
1402 1739 1485 1813 quae
1501 1726 1584 1785 ante
1601 1710 1726 1781 lucum

332 1848 407 1920 est,
437 1850 562 1908 vocata
591 1833 746 1909 Grandis
771 1837 940 1936 Campus.
964 1836 1031 1908 Cui
1059 1834 1158 1910 dono
1186 1836 1214 1906 si
1241 1835 1322 1935 quis
1349 1861 1521 1935 umquam
1544 1832 1725 1907 contraire

333 1955 510 2048 voluerit,
531 1985 614 2031 cum
630 1961 734 2032 Anna
752 1975 788 2033 et
805 1959 936 2059 Caipba
954 1975 990 2032 et
1001 1959 1092 2032 duda
1111 1957 1302 2047 traditore,
1320 1960 1358 2029 in
1374 1960 1458 2058 igne
1477 1957 1609 2029 inferni
1629 1956 1725 2055 posi-
1824 2035 1826 2038 y

333 2095 409 2168 tus,
428 2081 497 2155 nisi
513 2084 707 2183 resipuerit
726 2098 763 2158 et
783 2084 826 2156 ad
847 2084 1098 2159 satisfactionis
1115 2081 1315 2157 remedium
1331 2081 1559 2183 confugerit,
1578 2079 1724 2152 aeternis

332 2203 454 2301 poenis
469 2231 505 2278 se
520 2204 639 2280 doleat
656 2209 822 2281 cruciari.
842 2210 956 2308 Hujus
972 2208 1023 2281 rei
1044 2208 1189 2280 testium
1209 2206 1358 2281 nomina
1377 2202 1604 2279 subscribere
1619 2226 1723 2274 ema·
1766 2205 1768 2208 ’

331 2325 463 2400 vimus.
499 2327 697 2402 Richardus
725 2330 953 2431 praepositus.
984 2329 1191 2406 liodbertus
1222 2327 1433 2402 mischinus.
1462 2325 1719 2403 Gninebertus.

329 2444 538 2524 Gualterius
554 2450 598 2525 de
616 2453 781 2554 Ungena.
803 2453 986 2526 Hubertus
1002 2451 1047 2526 de
1063 2453 1239 2526 Cantante
1254 2454 1371 2551 Lupo.
1392 2480 1410 2520 n

737 2706 1111 2799 CAPITULUM
1146 2708 1299 2798 XVII.

791 2957 835 3016 De
849 2957 976 3016 aecclesia
994 2957 1126 3015 Fesronis
1140 2956 1260 3017 Villarc.

380 3216 398 3256 a
415 3187 457 3258 ln
470 3187 620 3261 nomine
631 3202 762 3261 sanctae
774 3202 812 3260 et
822 3185 1015 3260 individuae
1028 3187 1240 3279 Trinitatis,
1254 3212 1337 3287 quae
1352 3184 1590 3286 personaliter
1604 3187 1724 3258 trinus
1748 3212 1810 3258 aare
1821 3229 1842 3257 a.
1856 3213 1924 3260 roro.

329 3323 366 3380 et
379 3310 615 3383 essentialiter
627 3336 722 3382 unus
734 3325 789 3383 est
799 3311 911 3383 Deus.
926 3309 1067 3385 Notum
1079 3334 1152 3382 esse
1164 3308 1352 3395 volumus,
1369 3332 1437 3407 ego
1449 3304 1600 3406 quidem
1614 3305 1723 3379 abbas

330 3429 527 3504 landricus
551 3448 587 3506 et
609 3432 730 3507 omnis
745 3448 868 3507 caetus
888 3429 1153 3507 monachorum
1175 3430 1296 3503 Sancti
1322 3429 1420 3502 Petri
1447 3427 1609 3503 coenobii
1632 3427 1723 3500 Car·

330 3554 509 3642 rotensis,
531 3553 702 3628 omnibus
721 3573 854 3628 sanctae
877 3555 939 3628 Dei
965 3555 1135 3628 aecclesiae
1155 3551 1377 3640 cultoribus,
1401 3569 1475 3624 tam
1494 3549 1720 3651 presentibus

327 3698 438 3773 quam
452 3674 607 3765 futuris,
626 3676 726 3776 qnod
742 3677 889 3779 quidam
902 3677 1023 3766 miles,
1043 3677 1193 3750 nomine
1207 3673 1352 3763 Guado,
1374 3674 1411 3746 in
1429 3673 1615 3747 territorio
1629 3672 1723 3747 Dor·

328 3796 437 3868 casini
451 3799 579 3886 castri,
594 3797 772 3872 illecebris
787 3814 896 3900 atque
908 3796 1013 3898 bujus
1024 3798 1132 3871 seculi
1148 3795 1396 3896 voluptatibus
1407 3796 1519 3871 finem
1533 3796 1722 3896 imponere

327 3917 470 4007 rolens,
490 3919 527 3990 in
545 3921 693 3995 servitio
715 3920 780 3994 Dei
800 3936 839 3994 et
860 3922 992 3994 sanctis
1013 3919 1185 4020 operibns
1205 3945 1280 3993 sese
1301 3919 1530 4019 mancipans,
1554 3916 1721 3991 habitum

327 4055 458 4112 sanctae
474 4040 661 4141 religionis
677 4059 758 4118 toto
773 4042 906 4116 affectu
925 4042 993 4117 sibi
1011 4041 1236 4142 perobtavit,
1260 4067 1301 4113 ac
1310 4095 1322 4131 ,
1342 4038 1411 4112 sub
1429 4040 1606 4112 tutamine
1622 4037 1717 4112 beati

326 4161 422 4235 Petri
446 4164 697 4261 apostolorum
718 4166 914 4266 principis,
936 4192 957 4238 a
978 4164 1085 4240 nobis
1102 4162 1344 4239 monachilem
1365 4159 1529 4235 habitum
1545 4161 1716 4260 expetiit,

325 4284 447 4356 eximii
470 4286 583 4384 patris
600 4285 785 4361 Benedicti
806 4314 975 4364 normam
991 4287 1242 4364 obsecuturus.
1265 4289 1318 4358 De
1334 4282 1442 4357 rebus
1458 4282 1615 4384 denique
1630 4308 1719 4383 qun

326 4405 364 4477 in
381 4406 503 4480 seculo
521 4422 705 4498 tenuerat,
726 4411 765 4482 in
781 4410 905 4485 usibus
921 4410 1076 4483 fratrum
1085 4462 1097 4501 ,
1117 4435 1261 4482 assensu
1276 4408 1340 4481 filii
1358 4408 1413 4480 sui
1429 4403 1605 4493 Baldrici,
1625 4429 1718 4503 proe-

327 4528 476 4601 nomine
489 4526 674 4617 Jbotardi,
688 4529 918 4605 medietatem
929 4532 1086 4605 ecclesiae
1100 4532 1264 4606 Fessonis
1277 4530 1423 4605 Villaris
1435 4545 1473 4603 et
1486 4529 1568 4601 atrii
1583 4527 1717 4599 Sancto

325 4650 435 4723 Petro
451 4648 683 4726 contradidit.
708 4653 794 4726 Post
809 4653 961 4728 eandem
982 4679 1070 4729 vero
1094 4653 1310 4739 aecclcsiam,
1334 4651 1434 4726 dedit
1455 4667 1587 4724 terram
1608 4646 1716 4719 nnius
1843 4648 1846 4653 ’

326 4770 453 4858 aratri,
476 4797 559 4871 quae
580 4773 797 4846 terminatur
813 4773 859 4847 ab
877 4801 952 4850 uno
969 4775 1099 4864 latere,
1125 4776 1235 4874 ipsius
1253 4773 1421 4848 aecclesiae
1441 4773 1535 4845 atrio
1545 4799 1556 4860 3
1582 4767 1627 4841 ab
1644 4769 1715 4844 alio

326 4917 430 4981 vero,
450 4894 505 4965 via
526 4894 671 4993 publica
690 4923 773 4998 quae
790 4896 891 4972 ducit
910 4897 1138 4998 Tegtslarias5
1157 4898 1236 4971 aliis
1250 4892 1440 4982 lateribus,
1459 4893 1549 4993 piris
1565 4891 1716 4992 aliisque
