4462 6120
806 719 974 795 anons
999 703 1241 792 rsounux.
1615 721 1717 820 ω]

330 876 458 955 arrete
473 901 565 953 avec
584 872 637 950 lni
654 875 846 953 certaines
859 870 1138 963 conventions‚
1156 864 1210 947 oh
1224 867 1305 946 l'on
1322 867 1423 965 voit,
1440 884 1552 946 entre
1569 885 1718 965 autres,

328 1040 405 1120 que
430 1008 526 1090 ledit
551 1009 736 1089 Geoffroi
765 1038 859 1089 aura
881 1007 980 1087 dans
1002 1035 1043 1085 sa
1064 1005 1201 1083 mairie
1220 1033 1377 1112 gannos
1399 1021 1437 1084 et
1460 1006 1718 1085 districtum.

329 1153 416 1227 Aux
442 1164 575 1228 ventes
599 1148 668 1259 qui
696 1174 736 1225 se
763 1146 946 1225 faisaient
965 1142 1066 1222 dans
1084 1169 1161 1220 une
1186 1141 1425 1248 seigneurie,
1459 1171 1511 1220 on
1543 1143 1720 1249 stipulait

329 1409 485 1467 monitione
502 1427 617 1479 eorum,
636 1427 731 1487 neque
750 1406 824 1466 dabo
843 1408 883 1466 eis
902 1425 1006 1463 aurum
1044 1400 1149 1461 Chone
1159 1400 1194 1460 de
1204 1399 1398 1481 Reginaldus,
1413 1400 1516 1482 eaeque
1527 1399 1562 1458 de
1573 1396 1719 1458 Charites.

330 1501 376 1560 vel
388 1516 549 1583 argentum.
563 1501 628 1562 Non
641 1501 715 1561 daho
725 1503 766 1561 eis
778 1501 899 1584 garbas,
912 1521 1006 1580 neque
1248 1497 1408 1559 Decembre
1430 1498 1520 1558 1215.

327 1617 474 1655 annonam
488 1596 616 1678 aliquam
629 1610 680 1657 aut
693 1618 814 1657 avenam
827 1599 888 1656 sire
902 1597 981 1679 ligna
997 1640 1005 1670 ,

328 1714 385 1752 non
402 1715 486 1754 ovem
499 1708 550 1755 aut
568 1717 695 1778 agnum,
716 1718 776 1755 non
795 1716 930 1768 anseres,
946 1716 1005 1755 non
1085 1722 1099 1748 a
1115 1695 1287 1753 ...Dilectus
1296 1694 1481 1754 marescallus
1490 1705 1601 1767 noster,
1612 1694 1716 1776 Ilugo,

328 1790 449 1870 gallinas
463 1805 513 1852 aut
530 1793 660 1873 pullum3
681 1813 774 1872 neque
790 1792 934 1852 corveiam
953 1792 1008 1851 ali-
1044 1790 1149 1850 Carum
1168 1792 1296 1872 Tempus
1314 1794 1503 1874 cognomine,
1520 1807 1619 1853 noster
1636 1792 1722 1853 liorno

327 1908 414 1967 qnam
426 1887 530 1949 faciam
542 1892 600 1962 eis,
614 1910 709 1970 neque
722 1911 771 1949 ero
782 1890 895 1971 plegius
908 1910 1006 1949 eorum
1043 1888 1130 1970 ligius
1147 1902 1190 1949 est
1204 1889 1240 1949 de
1255 1889 1382 1970 quodam
1397 1889 1480 1950 feodo
1494 1892 1574 1969 quod
1588 1905 1722 1951 anteces-

326 1996 377 2044 aut
392 1985 589 2046 medietarias.
611 1986 748 2046 Similiter
771 1999 799 2046 et
820 1986 922 2063 majori
943 2008 1007 2045 meo
1042 2009 1119 2047 sores
1131 1988 1174 2046 sui
1186 1987 1222 2047 de
1233 1988 1315 2047 nobis
1325 2002 1354 2049 et
1363 1990 1592 2049 antecessoribus
1603 1990 1721 2060 nostris,

327 2084 381 2143 ista
401 2107 461 2144 non
478 2083 580 2143 faciam
599 2106 651 2164 per
670 2083 836 2143 violentiam
851 2097 901 2142 aut
920 2105 1007 2142 exac-
1042 2087 1116 2144 sicnt
1129 2087 1202 2165 ipse,
1214 2098 1417 2149 tenuerunt...
1430 2087 1563 2147 videlicet
1572 2089 1721 2166 majoriam

327 2181 435 2240 tionem
452 2181 600 2261 aliquam:
614 2180 723 2240 scilicet
738 2202 796 2239 non
814 2180 889 2239 dabo
905 2182 932 2239 ei
952 2201 1006 2239 ne-
1042 2197 1169 2243 nostram
1190 2182 1226 2242 de
1244 2182 1348 2242 Sancto
1368 2183 1507 2242 Karauno
1531 2183 1718 2257 carnotensi,

326 2297 383 2356 que
397 2277 480 2335 uxori
491 2289 541 2335 aut
557 2277 748 2354 servientibus
763 2277 825 2354 ejus
839 2297 942 2335 aurum
958 2276 1005 2334 vel
1042 2281 1072 2338 in
1093 2300 1152 2358 quo
1174 2278 1293 2357 majoris
1313 2279 1476 2338 continetur
1491 2279 1570 2360 quod
1590 2279 1651 2360 ipse
1668 2279 1721 2338 sibi

325 2387 497 2455 argentum,
511 2395 606 2454 neque
620 2370 815 2447 frumentum,
839 2393 931 2453 neque
951 2393 1007 2432 an·
1042 2378 1173 2458 proprias
1198 2389 1341 2436 cerotecas
1367 2375 1454 2436 habet
1477 2377 1521 2437 de,
1539 2399 1721 2459 quacumque

327 2491 432 2529 nonam
446 2469 575 2552 aliquam
585 2484 636 2533 aut
646 2492 785 2544 avenam,
801 2491 860 2529 non
871 2469 1004 2529 humeros
1040 2472 1207 2532 venditione
1221 2473 1281 2532 sive
1296 2473 1492 2533 invadiatione
1514 2472 1588 2534 facta
1602 2473 1633 2533 in
1648 2494 1721 2535 cen-

325 2588 496 2647 porcornm‚
516 2591 576 2629 nou
598 2568 726 2629 tortellos
743 2580 792 2627 aut
813 2588 885 2638 orn3
910 2587 1005 2646 neque
1040 2573 1100 2632 siva
1116 2584 1211 2631 nostra
1226 2572 1263 2633 de
1272 2572 1377 2632 Sancto
1389 2570 1541 2645 Karauno,
1556 2574 1638 2652 cujus
1652 2593 1722 2634 ecn-

326 2667 453 2726 corveias
481 2666 592 2745 aliquas
623 2677 756 2737 stature,
786 2676 837 2724 aul
861 2663 1004 2738 lanificii,
1040 2688 1089 2729 sus
1116 2670 1265 2729 annuatim
1271 2713 1334 2732 .....
1364 2669 1446 2729 nobis
1472 2670 1644 2751 persolvitur
1669 2694 1720 2752 per

326 2764 371 2825 vel
390 2764 542 2843 cujuslibet
561 2766 677 2825 alterius
697 2765 758 2838 rei,
776 2763 842 2825 uon'
852 2785 935 2823 ovem
954 2776 1005 2823 eut
1040 2787 1158 2826 manum
1172 2768 1303 2844 ejusdem
1315 2767 1468 2849 Hugonis,
1480 2768 1597 2845 majoris
1612 2770 1719 2841 nostri,

325 2881 447 2942 agnum,
464 2884 523 2921 non
543 2881 658 2921 anseres
679 2873 730 2920 aut
751 2859 888 2941 gallinas,
909 2880 1005 2940 neque
1040 2887 1143 2926 census
1165 2865 1242 2925 illius
1258 2867 1423 2947 receptoria.
1443 2867 1487 2925 De
1503 2867 1585 2944 cujus
1600 2866 1719 2945 majorie

326 2958 435 3039 aliquid
449 2959 528 3041 quod
546 2960 583 3019 ad
597 2959 777 3019 exactionem
794 2958 921 3038 aliquam
936 2979 1004 3037 per·
1039 2962 1123 3023 feodo
1134 2963 1171 3023 ad
1183 2965 1278 3044 ipsum
1289 2963 1443 3045 Hugonem
1457 2964 1583 3045 pertinet
1592 2965 1718 3045 primum

325 3058 423 3116 lineat.
440 3055 514 3116 Cum
528 3057 607 3117 missi
622 3055 729 3116 fuerint
745 3058 900 3115 servientes
914 3055 1003 3115 nostri
1039 3060 1177 3119 clamores
1199 3060 1381 3140 querelarum
1402 3060 1533 3140 accipere
1553 3071 1582 3117 et
1604 3058 1718 3119 easdem

324 3153 362 3214 ad
373 3155 525 3235 grangias,
543 3155 566 3214 si
582 3174 634 3234 per
648 3152 814 3212 violentiam
829 3174 882 3232 pro
896 3173 1003 3211 uume-
1038 3157 1193 3216 terminare
1202 3196 1216 3230 ,-
1233 3159 1256 3216 si
1270 3157 1390 3236 poterit,
1407 3157 1501 3237 prima
1516 3156 1563 3215 die
1582 3169 1693 3216 tantum
1709 3182 1716 3226 ;

324 3248 416 3309 raudo
432 3271 507 3309 amc
522 3249 633 3331 aliquid
647 3251 834 3321 extorserint,
851 3247 922 3308 side
937 3269 1003 3308 ves·
1038 3256 1061 3313 si
1084 3277 1159 3327 non,
1178 3254 1313 3335 deinceps
1333 3255 1418 3315 debet
1439 3254 1619 3335 litigantibus
1641 3254 1717 3314 diem

324 3348 377 3408 tris
402 3348 487 3407 rebus
515 3346 591 3408 furto
620 3348 834 3428 subripuerint,
863 3345 1002 3407 furtivum
1038 3352 1183 3434 assignare
1199 3375 1295 3413 coram
1308 3353 1405 3429 nobis,
1424 3352 1573 3412 velcoram
1586 3374 1718 3412 camera·

325 3445 486 3528 depositum
509 3468 609 3506 eorum
634 3447 664 3505 iu
687 3445 804 3505 domum
825 3466 919 3505 meam
944 3467 1001 3504 non
1038 3448 1082 3507 rio
1097 3463 1203 3508 nostro.
1219 3451 1263 3509 De
1279 3448 1400 3530 singulis
1415 3468 1530 3529 quoque
1544 3446 1716 3506 clamoribus

324 3544 480 3624 recipiam,
498 3565 591 3625 neque
606 3543 724 3617 celabo,
740 3545 765 3603 si
776 3565 882 3603 novero
896 3565 912 3602 a
928 3564 1011 3623 quo-·
1039 3558 1068 3606 et
1080 3544 1224 3606 forefactis
1239 3545 1303 3605 aliis
1316 3545 1438 3627 percipit
1451 3545 1512 3623 ipsc
1533 3542 1649 3602 tertium
1664 3541 1716 3601 de-

324 3647 412 3722 quam
432 3643 530 3703 ricino
551 3664 615 3702 meo
639 3643 747 3722 recipi;
773 3641 823 3701 sed
840 3642 954 3700 veniam
971 3641 1001 3699 in
1038 3643 1164 3702 narium.
1180 3641 1225 3702 Ex
1236 3641 1336 3703 eodem
1350 3643 1467 3722 insuper
1477 3639 1562 3700 feodo
1572 3660 1716 3699 memora·

325 3739 501 3820 capitulum,
517 3752 545 3800 et
560 3740 654 3800 dicam
674 3740 766 3801 vobis.
782 3738 921 3798 Similiter
935 3759 1001 3798 cum
1038 3751 1084 3799 tus
1102 3739 1190 3822 Hugo
1211 3740 1395 3800 medietatem
1416 3738 1541 3798 thelonei
1564 3736 1716 3799 nundina-

324 3837 439 3897 carritia
454 3838 490 3898 de
507 3838 630 3898 annonis
643 3839 745 3897 vestris
759 3838 846 3910 fient,
862 3836 886 3895 si
901 3834 1002 3895 videro
1037 3859 1102 3896 rum
1112 3837 1209 3898 Sancti
1219 3824 1350 3899 Kamani
1363 3837 1485 3917 percipit
1495 3834 1656 3895 annuatim.
1671 3831 1714 3892 Ex

325 3933 483 4016 dampnum
495 3948 620 3994 vestrum
635 3946 664 3993 et
675 3936 783 4009 sciero,
798 3934 845 3993 vel
855 3954 1000 3994 annonam
1035 3937 1100 4015 jure
1113 3936 1243 3997 similiter
1256 3936 1335 3996 illins
1349 3934 1424 3995 leodi
1437 3948 1514 3995 tenet
1533 3933 1609 3994 idem
1627 3931 1714 4014 Hugo

325 4032 372 4093 rel
382 4033 463 4094 aliud
475 4046 555 4093 extra
565 4033 748 4094 refectorium
759 4032 806 4093 vel
816 4032 891 4092 intra
904 4054 921 4091 a
932 4054 1002 4112 quo·
1035 4034 1188 4095 tresdecim
1206 4032 1311 4094 solidos
1331 4034 1420 4093 annui
1433 4055 1534 4094 census
1549 4029 1627 4112 apud
1641 4028 1715 4088 Car-

324 4151 411 4211 quam
426 4130 555 4191 subtrahi
567 4131 666 4204 vobis,
681 4131 776 4191 dicam
791 4130 939 4190 cononicis
949 4131 1000 4210 qui
1035 4145 1155 4206 notum,
1170 4154 1257 4213 quam
1272 4132 1429 4191 incivitate
1445 4132 1547 4195 tamin
1565 4129 1712 4208 ripparia,

324 4229 486 4289 custodient
506 4231 655 4311 grangias;
681 4243 725 4302 et,
753 4231 776 4288 si
797 4250 850 4310 per
871 4250 918 4289 eos
941 4251 1000 4288 nou
1036 4232 1091 4290 sibi
1114 4244 1143 4291 et
1162 4231 1221 4291 suis
1240 4229 1395 4290 heredibus
1418 4231 1568 4288 annuatim
1591 4228 1622 4286 in
1644 4225 1714 4286 lesto

324 4326 536 4402 emendabitur,
549 4330 579 4387 in
591 4328 718 4409 capitulo
729 4328 822 4413 dicam
834 4328 926 4388 vobis.
937 4327 1000 4387 llec
1036 4329 1128 4389 sancti
1143 4327 1275 4387 Karauni
1290 4326 1513 4409 persolvendos;
1531 4327 1567 4386 de
1579 4347 1635 4408 qun
1648 4346 1715 4384 cen·

324 4425 448 4487 fideliter
461 4427 564 4487 tenebo
579 4428 640 4486 sine
657 4426 732 4486 malo
747 4428 873 4508 ingenio.
893 4427 938 4486 Sic
954 4448 1000 4486 me
1036 4427 1096 4484 sira
1116 4437 1257 4486 cerotecas
1283 4425 1369 4485 habet
1393 4427 1454 4506 ipse
1477 4425 1609 4485 simililer
1627 4436 1713 4503 atque

323 4523 401 4585 Deus
422 4523 555 4602 adjuret,
583 4538 611 4583 et
634 4523 687 4584 hec
714 4537 823 4595 sancta.
850 4552 863 4577 ι»
897 4523 997 4584 Chart.
1036 4523 1196 4588 vendas...
1211 4523 1285 4584 ltem
1298 4545 1335 4583 ex
1348 4527 1412 4604 jure
1427 4523 1529 4607 prelati
1541 4521 1615 4583 feodi
1627 4519 1712 4580 habet

322 4622 391 4681 eccl.
413 4623 527 4681 Cornot.
550 4620 666 4683 Bibliot.
689 4644 751 4703 roy.
773 4621 849 4680 Cart.
876 4624 914 4683 08
937 4621 998 4697 bis,
1035 4620 1161 4703 prelatus
1176 4622 1264 4704 Engo
1283 4624 1314 4682 in
1332 4621 1429 4683 hanno
1448 4634 1545 4682 nostro
1565 4621 1601 4681 de
1622 4619 1712 4679 natali

324 4718 346 4781 [⁰
370 4723 429 4787 100
446 4725 594 4781 v0-101
613 4733 654 4781 νο.
1034 4722 1151 4783 Domini
1170 4720 1375 4803 perhempncm
1394 4720 1556 4793 redditum,
1580 4718 1713 4780 videlicet

694 4814 697 4818 μ
1034 4821 1070 4881 de
1094 4818 1224 4901 quolibet
1249 4820 1326 4880 dolio
1350 4821 1433 4894 vini,
1461 4817 1540 4901 quod
1562 4818 1592 4877 in
1615 4816 1713 4876 banno

1034 4929 1132 4976 nostro
1145 4914 1298 4976 venditum
1319 4913 1423 4988 luerit,
1438 4914 1474 4974 de
1493 4935 1551 4996 quo
1565 4925 1660 4972 tamen
1676 4909 1714 4968 ad

1035 5035 1087 5075 uos
1098 5012 1255 5095 pertinebit
1265 5013 1458 5094 bennaginm,
1477 5011 1501 5071 si
1518 5008 1628 5072 dolium
1641 5008 1712 5069 duos

1542 5143 1566 5217 0
