4462 6120
675 789 678 793 ·
743 760 781 831 S.
801 756 941 831 PETRI
968 751 1305 827 CARNOTENSIS.
1643 748 1713 821 117

329 939 397 1013 pro
411 938 454 987 eo
468 909 668 1011 specialiter
684 907 901 992 celebretur,
922 930 1005 977 cum
1019 901 1182 1001 plenario
1198 913 1394 972 conventu.
1410 896 1522 969 Multa
1538 893 1715 968 animalia

326 1051 460 1134 praeter
477 1032 554 1106 haec
569 1029 744 1105 beneficia
761 1029 868 1102 nobis
886 1026 1036 1124 largitus
1050 1040 1124 1109 est,
1145 1049 1227 1123 quae
1244 1022 1366 1096 omnia
1384 1018 1451 1091 sibi
1468 1035 1717 1118 recumpenset

324 1183 437 1228 manu
448 1155 704 1255 benignissima
717 1152 780 1252 qui
795 1151 885 1221 vivit
899 1163 936 1220 et
949 1161 1077 1245 regnat
1088 1170 1181 1215 unns
1194 1144 1288 1214 Deus
1303 1144 1340 1213 in
1352 1142 1532 1213 Trinitate
1545 1139 1715 1241 perfecta.

324 1282 374 1353 Et
394 1296 437 1352 ut
456 1278 533 1352 haec
550 1276 826 1375 reconpensatio
845 1272 948 1345 firma
964 1284 1171 1370 permaneat
1189 1269 1226 1340 in
1244 1260 1378 1354 secula,
1399 1264 1564 1337 manibus
1577 1265 1712 1338 nostris

324 1419 363 1476 et
378 1398 589 1476 nominibus
605 1396 919 1481 confirmavimus,
939 1393 1032 1464 etin
1053 1407 1183 1465 nostro
1205 1415 1315 1462 aureo
1336 1404 1439 1459 textu
1459 1389 1571 1459 sancti
1594 1389 1718 1459 Evan-

324 1523 408 1622 gelii
416 1576 428 1610 ,
448 1521 491 1594 ad
509 1517 716 1593 inviolabile
733 1515 1004 1601 testimonium,
1019 1513 1173 1611 posteris
1186 1511 1319 1582 nostris
1332 1506 1440 1580 scribi
1456 1508 1714 1581 mandavimus.

325 1642 501 1716 arnulfus
518 1641 639 1713 abbas.
660 1637 844 1712 Ebrardus
860 1634 1073 1710 monachus.
1095 1633 1326 1731 Beringarius
1342 1630 1508 1704 decanus.
1529 1629 1717 1703 Richerius

324 1763 536 1840 monachus.
557 1758 790 1835 Marchuinus
806 1757 1018 1833 monachus.
1040 1754 1260 1827 Gausbertus
1277 1753 1487 1828 monachus.
1512 1751 1718 1828 Rodbertus

325 1885 535 1962 monachus.
554 1883 740 1956 Hubertus
756 1876 968 1954 monachus.
989 1875 1155 1950 Letaldus
1171 1873 1383 1950 monachus.
1403 1876 1577 1976 hogerius
1594 1900 1719 1950 mona·

326 2008 426 2080 chus.
448 2003 690 2080 Guinefredus
707 2002 920 2077 monachus.
939 1996 1117 2071 Berardus
1133 1996 1344 2073 monachus.
1363 2027 1382 2066 »

793 2211 1141 2302 CAPITULUM
1173 2212 1251 2299 VI.

822 2391 866 2450 De
877 2389 962 2450 alodo
973 2388 1067 2449 Calidi
1081 2389 1219 2448 Montis¹.

374 2572 399 2620 *
415 2600 432 2637 a
453 2570 518 2640 ln¹
544 2568 693 2642 nomine
719 2582 850 2641 sanctae
875 2584 912 2641 et
937 2566 1132 2639 individuae
1158 2566 1364 2656 Trinitatis,
1387 2568 1502 2654 Patris
1523 2583 1559 2639 et
1578 2567 1661 2642 Filii
1682 2584 1719 2639 et
1744 2582 1839 2629 cirm-
1852 2582 1921 2628 ¹⁰²⁰·

325 2691 482 2789 Spiritus
500 2690 637 2761 Sancti.
661 2689 854 2764 Catholicae
872 2714 1026 2790 vereque
1044 2689 1169 2761 matris
1187 2689 1355 2761 aecclesiae
1375 2691 1519 2790 populis
1543 2692 1579 2761 in
1604 2688 1715 2762 chris-

325 2811 443 2883 ticolis
458 2812 532 2882 laus
546 2836 686 2909 semper
701 2813 810 2910 viget,
824 2813 1013 2912 vigeatque
1026 2809 1224 2910 perhenne.
1241 2812 1319 2885 Hoc
1334 2828 1454 2883 autem
1468 2809 1719 2913 dignissimum

319 2937 460 3031 justum
477 2958 624 3033 quoquc
637 2948 752 3022 extat,
768 2934 943 3034 quoniam
956 2950 1009 3005 est
1027 2951 1140 3006 mater
1158 2949 1301 3019 nostra,
1317 2931 1451 3006 Christi
1469 2960 1555 3008 vero
1571 2935 1717 3007 Domini

324 3057 440 3128 nostri
459 3081 606 3153 sponsa,
627 3080 737 3154 quam
756 3054 948 3154 adquisivit
962 3080 1026 3128 suo
1041 3079 1170 3129 cruore
1186 3054 1351 3153 precioso
1369 3085 1377 3125 ε
1395 3056 1433 3126 in
1447 3082 1485 3128 ea
1500 3056 1600 3128 enim
1613 3082 1719 3129 rena-

325 3180 459 3250 scimur
475 3204 542 3277 per
564 3177 789 3277 baptismatis
811 3175 1036 3266 lavachrum,
1061 3202 1101 3247 ac
1126 3177 1164 3248 in
1189 3203 1227 3249 ea
1250 3204 1290 3248 rc
1312 3178 1533 3277 resurgimus
1555 3205 1574 3250 a
1599 3193 1718 3250 morte

324 3301 454 3373 animae
475 3327 542 3400 per
563 3300 774 3401 penitentiae
797 3300 955 3387 luctum,
980 3314 1015 3371 ct
1037 3313 1119 3397 post
1134 3299 1219 3371 vitae
1238 3299 1436 3370 terminum
1453 3317 1576 3374 nostra
1596 3316 1719 3371 tumu-

323 3424 449 3496 lantur
481 3422 649 3496 cadavera
679 3425 717 3496 in
746 3426 821 3523 ejus
849 3424 997 3495 atrium.
1026 3422 1128 3495 Hanc
1153 3420 1318 3494 Christus
1339 3447 1446 3522 supra
1477 3421 1584 3496 fidem
1609 3449 1719 3525 quarn

325 3548 507 3620 consessus
532 3564 585 3621 est
610 3546 835 3621 fidelissimus
857 3548 985 3619 Petrus
1006 3543 1191 3635 fundavit,
1218 3545 1305 3618 dum
1331 3543 1489 3620 Domino
1515 3545 1636 3619 dixit:
1660 3544 1717 3620 Tu

325 3697 362 3742 es
392 3669 576 3760 Christus,
594 3670 705 3769 silius
726 3671 802 3741 Dei
826 3670 913 3742 eici.
936 3665 1226 3741 Fundamentum
1245 3670 1341 3742 enim
1360 3668 1457 3742 aliud
1474 3695 1583 3744 nemo
1601 3684 1720 3769 potest

324 3815 479 3886 ponere,
500 3806 633 3891 praeter
650 3791 686 3864 id
703 3788 803 3892 quod
825 3792 987 3889 positum
1008 3805 1079 3879 est,
1102 3790 1201 3892 quod
1218 3806 1272 3864 est
1290 3789 1454 3864 Christus
1468 3790 1607 3867 Jhesus.
1626 3791 1721 3865 Sunt

324 3937 411 3987 vero
428 3911 523 3985 beati
539 3914 601 4013 qui
618 3910 792 3986 catholice
806 3910 960 3985 virendo
979 3909 1142 3983 habitant
1158 3910 1229 4000 ibi,
1251 3928 1294 3984 ut
1310 3912 1423 3986 David
1441 3914 1596 3987 cecinit:
1613 3914 1722 3987 Beati

326 4037 391 4132 qui
407 4034 575 4109 lmbitant
595 4038 634 4107 in
654 4035 763 4109 dorne
784 4040 869 4109 tua!
887 4036 1046 4109 Domine
1049 4070 1067 4123 ,·
1090 4038 1128 4108 in
1152 4035 1277 4109 secula
1294 4036 1496 4109 seculorum
1514 4036 1721 4110 laudabunt

326 4172 371 4227 te.
387 4156 451 4228 His
466 4157 616 4259 aliisque
629 4156 735 4232 dictis
750 4159 1045 4260 quampluribus,
1064 4176 1273 4234 sanctorum
1293 4159 1397 4232 dictis
1416 4187 1457 4232 ac
1475 4187 1583 4234 sacrae
1602 4163 1720 4263 scrip-

325 4294 418 4351 turae
442 4282 618 4378 mysteriis
643 4281 767 4355 edocta
792 4300 829 4356 et
849 4283 1066 4371 ammonita,
1096 4309 1163 4381 ego
1189 4281 1432 4383 Hildegardis,
1461 4284 1719 4360 vicecomitissa

325 4396 548 4473 Castridunis
557 4454 568 4489 ,
587 4401 634 4476 do
649 4401 871 4478 sanctissimo
887 4404 993 4479 Petro
1008 4404 1239 4476 Garnotcnsis
1256 4404 1418 4480 coenobii
1435 4405 1581 4479 alodum
1597 4432 1718 4479 meum

327 4517 370 4593 de
387 4520 488 4595 Bello
510 4524 654 4611 Monte,
681 4549 764 4595 cum
786 4524 893 4597 terris
910 4525 1015 4599 cultis
1034 4542 1071 4598 et
1092 4526 1257 4614 incultis,
1277 4543 1313 4599 et
1331 4528 1428 4601 silvis
1448 4529 1718 4631 piscatoriisque

328 4641 463 4717 ibidem
481 4645 770 4745 pertinentibus,
788 4648 1003 4721 assentiente
1021 4664 1058 4721 et
1074 4664 1260 4721 annuente
1275 4648 1353 4725 filio
1370 4676 1451 4724 meo
1469 4651 1641 4751 Hugone,
1660 4678 1720 4724 ar-

368 4852 376 4877 ¹
391 4840 414 4900 B
427 4866 435 4900 ι
449 4843 484 4903 de
498 4845 584 4905 alodo
599 4848 679 4907 Batti
692 4847 811 4909 Montis.

369 4957 381 4984 ¹
399 4948 509 5010 Publici
523 4952 596 5030 juris
612 4953 685 5013 sacta
700 4969 743 5014 est
756 4955 854 5015 charta
869 4956 899 5014 in
919 4954 1003 5014 Gall.
1024 4953 1143 5027 Christ,
1159 4969 1180 5015 t.
1199 4955 1292 5029 Vlll,
1308 4957 1401 5029 inste,
1417 4955 1473 5016 col.
1490 4956 1561 5040 295.
