4462 6120
488 746 555 814 lsslr
999 740 1352 822 MONASTERIUM

480 893 550 965 mei
564 891 755 987 petitione.
776 890 876 959 Hanc
892 902 1013 975 autem
1031 888 1206 960 cartulam
1228 885 1396 960 manibus
1419 886 1699 988 nominibusque
1716 892 1875 988 propriis

480 1011 718 1086 corroborare
750 1009 940 1098 volumus,
971 1025 1007 1082 e't
1035 1008 1247 1082 nominibus
1276 1011 1432 1083 aliorum
1460 1007 1690 1084 corroborari
1720 1009 1875 1110 dignum

478 1133 661 1220 duximus,
681 1148 740 1221 ut,
756 1132 784 1202 si
802 1130 900 1204 forte
917 1129 1109 1231 aliquando
1128 1131 1241 1231 (quod
1253 1130 1390 1230 absitl)
1407 1133 1621 1206 attaminare
1638 1132 1795 1207 voluerit
1812 1134 1875 1206 in·

477 1254 647 1352 scriptam
664 1267 827 1327 nostram
846 1250 938 1324 hanc
964 1251 1148 1326 dationem
1167 1279 1276 1354 quam
1292 1254 1467 1342 fecimus,
1495 1252 1730 1326 anathematis
1741 1256 1871 1355 jugulo

475 1374 627 1446 feriatur
648 1390 684 1447 et
710 1392 793 1447 ante
810 1374 949 1472 judices
971 1373 1080 1473 digna
1097 1374 1173 1474 lege
1190 1375 1322 1446 acriter
1341 1376 1552 1474 castigatus,
1570 1390 1642 1448 tres
1659 1377 1740 1447 auri
1758 1375 1872 1449 libras

475 1496 589 1569 solvat
602 1513 639 1568 et
654 1500 728 1595 ejus
744 1499 842 1568 nisus
858 1497 1010 1568 minime
1028 1496 1154 1570 valeat.
1174 1495 1308 1567 Actum
1323 1512 1376 1569 est
1391 1495 1461 1571 hoc
1478 1494 1636 1570 secundo
1653 1521 1752 1570 anno
1765 1499 1871 1597 regni

475 1615 630 1717 Philippi
662 1619 755 1718 regis
780 1617 895 1690 adhuc
924 1618 1091 1717 pueruli,
1128 1616 1353 1718 gubernante
1382 1616 1510 1690 abbate
1538 1615 1715 1691 Landrioo
1747 1618 1871 1693 locum

477 1755 658 1814 nostrum.
675 1739 803 1811 Paulus
818 1736 1016 1813 monachus
1029 1739 1184 1837 scripsit.
1202 1770 1220 1807 u

522 1862 608 1933 Haec
624 1875 744 1935 autem
760 1878 926 1934 matrona
941 1861 1153 1933 Geretrudis
1169 1877 1362 1961 antequam
1379 1848 1540 1933 seculum
1552 1859 1741 1936 moriendo
1757 1861 1870 1933 relin-

473 1997 619 2080 queret,
639 1998 762 2054 sancto
776 1982 884 2057 Petro
897 1997 933 2054 et
948 1980 1054 2054 nobis
1064 1979 1281 2081 praedictum
1293 1979 1439 2056 alodum
1452 1982 1623 2082 reliquit3
1639 1999 1675 2056 et
1687 2009 1752 2081 per
1763 1982 1868 2082 plura

473 2119 636 2201 tempora
660 2101 904 2201 possedimus,
940 2128 1015 2175 non
1045 2101 1162 2175 solum
1193 2128 1233 2173 ea
1260 2082 1428 2193 virente,
1454 2121 1507 2177 set
1538 2105 1648 2177 etiam
1675 2119 1868 2207 postquam

472 2240 614 2296 mortua
632 2223 704 2294 fuit
717 2239 753 2295 et
768 2223 904 2321 sepulta
923 2238 1005 2294 ante
1023 2222 1119 2294 fores
1135 2223 1218 2293 atrii
1232 2222 1370 2294 Gesiaci
1386 2222 1569 2295 aecclesiae.
1589 2222 1749 2312 Deinde,
1766 2225 1868 2296 insti-

470 2361 577 2445 gante
595 2342 764 2425 diabolo,
784 2342 949 2443 quaedam
968 2342 1085 2440 neptis
1101 2345 1195 2440 ejus,
1215 2344 1364 2415 nomine
1382 2340 1612 2443 Hildeburgis
1621 2397 1632 2431 ,
1659 2370 1754 2418 uxor
1770 2345 1868 2418 scili-

470 2485 525 2540 cet
540 2465 712 2540 Rodberti
732 2464 859 2537 militis
875 2464 919 2538 de
938 2479 1054 2537 castro
1073 2462 1255 2549 Ebroico,
1276 2465 1310 2535 vi
1329 2480 1366 2537 et
1383 2464 1531 2538 seculari
1549 2465 1714 2563 potentia
1735 2466 1868 2539 invasit

468 2590 590 2660 omnia
609 2614 690 2688 quae
714 2601 838 2659 sancto
859 2566 966 2658 Petro
988 2600 1181 2658 matertera
1202 2588 1297 2684 ejus,
1321 2613 1390 2686 pro
1408 2612 1470 2658 sua
1494 2586 1697 2660 contulerat
1720 2588 1862 2674 anima,

468 2727 504 2780 et
518 2709 719 2783 Dominum
736 2725 772 2780 et
789 2707 993 2806 apostolum
1011 2710 1084 2805 ejus
1101 2708 1270 2793 Petrum,
1291 2722 1365 2777 tam
1383 2708 1456 2806 ipsa
1472 2733 1580 2808 quam
1596 2706 1790 2807 praedictus
1805 2709 1865 2779 vir

468 2835 561 2929 ejus,
582 2828 940 2917 exhereditaverunt,
959 2843 996 2898 et
1016 2825 1218 2899 mundanos
1240 2823 1405 2928 homines
1423 2826 1569 2900 heredes
1588 2824 1706 2900 facere
1723 2827 1864 2901 malue-

469 2968 569 3021 runt.
587 2953 640 3022 De
655 2976 812 3051 quorum
821 2948 982 3024 facinore
994 2973 1061 3023 nos
1075 2948 1225 3027 interim
1239 2963 1410 3037 tacentes,
1422 2952 1513 3038 Deo,
1529 2948 1723 3050 equissimo
1730 2947 1861 3048 judici,

468 3071 747 3145 examinandum
764 3070 976 3179 linquimus.

899 3351 1270 3442 CAPITULUM
1304 3354 1431 3441 ΗΧ.

874 3665 878 3673 ,
936 3598 979 3659 De
995 3597 1155 3661 redditione
1170 3598 1282 3658 Geneth
1296 3597 1389 3657 Villae.

514 3886 531 3921 «
550 3857 590 3924 ln
610 3855 757 3926 nomine
775 3853 888 3923 Patris
905 3866 941 3923 et
959 3851 1040 3922 Filii
1056 3869 1093 3923 et
1105 3852 1262 3951 Spiritus
1281 3851 1417 3922 Sancti.
1436 3852 1546 3925 Adela
1563 3877 1657 3925 uxor
1672 3848 1858 3950 (piendam

464 3974 615 4047 liuberti
628 3973 755 4045 militis
770 3971 813 4045 de
826 3970 995 4045 Medanta
1013 3990 1144 4059 castro,
1165 3987 1237 4043 tam
1253 3969 1494 4070 praesentihus
1508 3986 1642 4044 sanctae
1656 3971 1719 4044 Dei
1735 3970 1859 4043 aeccle·

462 4098 523 4170 siae
537 4095 702 4169 fidelibus
721 4120 831 4193 quam
848 4093 1005 4183 futuris,
1028 4109 1159 4165 notum
1177 4119 1250 4166 esse
1266 4094 1371 4179 volo,
1394 4094 1568 4193 quoniam
1585 4107 1688 4192 pater
1701 4083 1770 4163 viri
1783 4094 1854 4165 mei

461 4219 624 4316 superias
654 4217 868 4304 memorati,
904 4212 1063 4290 Gisberti
1104 4213 1242 4286 abbatis
1280 4213 1613 4315 monachorumque
1648 4229 1857 4288 sanctorum

461 4339 710 4437 apostolorum
725 4340 821 4411 Petri
839 4355 876 4410 et
888 4337 986 4409 Pauli
1001 4335 1164 4409 coenobii
1179 4336 1409 4410 Carnotensis
1420 4337 1651 4435 praesentiam
1669 4332 1855 4407 humiliter

461 4460 571 4548 adiit,
593 4475 716 4558 petens
734 4458 867 4532 obnixe
884 4475 927 4530 ut
943 4457 1011 4529 sibi
1030 4474 1067 4531 et
1085 4458 1230 4556 conjugi
1249 4459 1397 4555 proprie
1413 4458 1548 4556 unique
1565 4480 1693 4530 eorum
1710 4450 1851 4542 heredi,

463 4584 498 4653 in
521 4580 750 4653 manufirma
772 4580 985 4652 censualiter
1005 4578 1246 4655 concederent
1266 4593 1399 4650 terram
1415 4577 1551 4650 scilicet
1567 4573 1710 4651 Geneth
1722 4571 1850 4661 vittae,

461 4730 542 4801 quae
564 4720 616 4775 est
635 4704 673 4773 in
688 4701 859 4775 Vilcasini
879 4702 1064 4775 territorio
1074 4730 1085 4788 ;
1106 4727 1188 4800 quae
1206 4700 1311 4772 tertia
1330 4701 1438 4772 etiam
1454 4726 1535 4798 pars
1552 4699 1646 4772 villae
1665 4693 1853 4768 videbatur

462 4850 557 4910 esse,
590 4827 690 4919 cujus
707 4823 896 4923 antiquum
920 4821 1157 4908 vocabulum,
1180 4821 1265 4920 quia
1286 4819 1526 4919 praesentibus
1546 4835 1600 4893 est
1615 4815 1853 4921 perincogni-
