4462 6120
681 543 717 575 sd·

659 568 693 643 c

741 733 779 808 S.
799 730 942 808 PETRI
966 730 1305 808 CARNOTENSlS.
1651 732 1721 805 ltu

326 877 525 959 Gausfredo
540 899 577 957 et
593 881 742 958 Mahildi
756 883 903 958 domnae
921 898 1058 957 nostrae
1078 880 1196 955 verbis
1213 880 1509 956 munstravimus.
1528 880 1598 973 Qui
1613 879 1723 957 devo-

325 1008 460 1085 tissime
476 1006 729 1099 laudarerunt,
751 1023 788 1082 et
800 1008 915 1080 ditare
930 1005 975 1080 de
989 1006 1060 1079 suis
1075 1004 1304 1078 facultatibus
1318 1005 1439 1079 locum
1451 1004 1720 1104 promiserunt,

325 1144 432 1231 atque
454 1129 637 1203 licentiam
659 1129 858 1221 dederunt,
876 1143 918 1200 ut
934 1128 1157 1229 quicumque
1176 1154 1219 1201 ex
1236 1127 1389 1228 proprio
1402 1130 1485 1227 jure
1507 1125 1597 1228 quid
1613 1126 1722 1199 vellet

326 1249 461 1332 ibidem
483 1251 560 1326 Deo
583 1264 620 1324 et
641 1251 792 1340 sanctis,
817 1276 886 1351 pro
907 1249 1059 1324 meliore
1081 1250 1437 1349 recompensatione,
1462 1249 1586 1350 largiri
1608 1246 1722 1323 libera

325 1369 393 1443 sibi
415 1370 564 1445 facultas
584 1374 872 1472 permitteretur.
899 1373 1078 1467 Quocirca
1098 1371 1204 1472 hujus
1226 1373 1278 1445 rei
1301 1387 1409 1471 gestae
1434 1369 1608 1443 cartulam
1630 1367 1723 1441 banc

325 1492 402 1567 fieri
414 1482 688 1596 postulavimus,
706 1512 898 1596 quatenus,
915 1493 1128 1595 subscriptis
1139 1496 1288 1568 testium
1301 1491 1528 1583 nominibus,
1541 1494 1613 1593 ipsa
1624 1492 1723 1566 testis

325 1631 363 1688 et
370 1611 478 1691 index
486 1618 561 1691 veri
571 1640 713 1718 semper
720 1617 822 1691 firma
832 1617 1018 1692 habeatur.
1031 1617 1139 1712 Quod
1149 1619 1177 1690 si
1193 1618 1373 1720 quispiam
1383 1615 1468 1689 huic
1478 1614 1723 1692 contradicere

325 1741 613 1840 praesumpserit,
628 1757 685 1830 et,
704 1740 1081 1842 quantulumcumque
1103 1740 1224 1841 (quod
1240 1731 1376 1839 absitl)
1395 1740 1603 1815 donationis
1622 1738 1724 1810 istius

325 1860 528 1937 rescindere
550 1888 613 1936 seu
633 1880 796 1962 repetere
817 1862 1079 1964 quoquomodo
1101 1878 1251 1937 conatus
1270 1863 1400 1952 fuerit,
1421 1889 1496 1935 non
1516 1863 1548 1936 ei
1568 1885 1724 1935 consen-

327 1983 456 2070 tiatur;
485 2000 540 2056 set
563 1984 631 2057 sub
656 1979 883 2084 anathemate
908 1987 1127 2059 constitutus
1154 2001 1302 2059 centum
1326 1985 1437 2059 libras
1460 1986 1538 2059 auri
1565 1985 1722 2084 principi

326 2123 431 2178 terrae
447 2106 642 2207 persolvat.
661 2109 820 2183 Nomina
838 2110 999 2183 testium.
1027 2108 1247 2183 Gausfredus
1265 2108 1422 2185 domnus
1432 2164 1442 2197 ,
1466 2112 1565 2208 cujus
1583 2133 1725 2181 assensu

325 2245 447 2303 actum
461 2246 514 2303 est
531 2228 614 2306 boc.
634 2230 819 2320 Mahildis,
839 2235 913 2331 ejus
927 2236 1102 2332 conjunx.
1122 2232 1364 2321 VVillelmus,
1385 2232 1481 2304 filius
1496 2234 1584 2331 ejus.
1600 2228 1724 2302 Airar-

325 2351 391 2424 dus
409 2349 453 2425 de
470 2353 593 2425 buslo.
612 2354 837 2441 Bernardus,
857 2353 971 2426 irater
987 2356 1075 2449 ejus.
1096 2353 1293 2423 Landricus
1308 2350 1353 2423 de
1371 2350 1547 2425 Toriello.
1563 2350 1726 2426 VVillel-

324 2501 405 2547 mus
418 2475 648 2585 praepositus.
665 2472 745 2546 odo
758 2472 803 2547 de
814 2474 1023 2547 Domicilio.
1040 2470 1265 2547 Gauslridus.
1283 2474 1478 2547 Guarinus.
1498 2473 1722 2547 Gausfridus.

326 2594 518 2685 Raiardus,
539 2597 602 2695 qui
621 2592 714 2666 hanc
731 2592 968 2669 donationem
983 2592 1085 2668 lecit.
1105 2592 1299 2666 Rainaldus
1315 2594 1538 2669 forestarius.
1560 2626 1576 2658 u

375 2719 491 2791 Sunt·
514 2735 551 2790 et
572 2717 639 2789 alia
657 2716 753 2790 dona
777 2720 880 2809 data,
907 2744 1009 2818 quae,
1035 2743 1100 2817 per
1121 2717 1382 2818 negligentiam
1407 2720 1481 2794 sive
1504 2722 1726 2820 scriptorum

326 2841 534 2940 penuriam,
554 2841 728 2940 inscripta
740 2837 857 2912 adbuc
872 2857 1103 2937 permanent.
1125 2839 1217 2933 Quia
1230 2865 1318 2913 vero
1335 2841 1435 2914 locus
1451 2858 1488 2915 et
1504 2843 1626 2916 ocium
1639 2843 1726 2915 scri-

326 2959 434 3035 bendi
459 2978 602 3060 tempus
620 2986 827 3060 congruum
847 2958 1006 3059 praebet,
1027 2961 1313 3060 pretereundum
1330 2988 1407 3037 non
1424 2963 1553 3037 estimo
1572 2964 1728 3064 qualiter

327 3083 421 3158 beati
436 3085 589 3159 Romani
604 3084 772 3182 martyris
784 3081 830 3155 ad
842 3081 1037 3182 praefatum
1053 3083 1174 3156 locum
1191 3084 1270 3156 sita
1286 3087 1448 3157 Romana
1461 3085 1553 3159 urbe
1567 3086 1726 3159 delatum

327 3225 363 3280 et
385 3206 520 3282 ibidem
541 3207 782 3297 collocatum,
803 3206 940 3308 diuque
961 3205 1008 3278 ab
1029 3203 1239 3280 bominibus
1260 3208 1504 3307 incognitum.
1524 3209 1604 3297 Set,
1625 3225 1729 3308 post-

327 3357 438 3432 quam
458 3331 636 3407 moderno
658 3347 839 3432 tempore,
857 3331 954 3404 sicut
971 3332 1136 3430 superius
1153 3329 1328 3419 diximus,
1350 3331 1418 3404 sub
1434 3347 1612 3431 potestate
1630 3334 1728 3404 Lan-

327 3451 418 3527 drici
433 3452 573 3527 abbatis
589 3454 690 3528 locus
707 3453 903 3553 praedictus
918 3453 1102 3528 meliorari
1124 3453 1256 3552 coepit,
1275 3468 1382 3553 atque
1399 3480 1416 3525 a
1434 3456 1572 3554 populo
1581 3508 1592 3542 ,
1613 3454 1727 3553 gratia

327 3577 524 3667 orationis,
541 3575 754 3677 frequenter
769 3577 905 3675 repeti,
924 3573 1092 3650 monachi
1113 3573 1164 3646 ibi
1182 3592 1467 3665 commorantes,
1487 3576 1727 3650 oratoriolum

329 3699 418 3772 illud
435 3700 598 3800 ligneum
615 3701 654 3773 in
670 3700 859 3776 meliorem
876 3715 1012 3773 statum
1029 3715 1240 3774 construere
1253 3699 1436 3787 volentes,
1456 3716 1590 3774 terram
1604 3699 1728 3773 fodere

329 3840 540 3927 coeperunt,
558 3841 600 3897 ut
612 3826 761 3922 majoris
777 3826 929 3900 oratorii
949 3824 1184 3898 fundamenta
1202 3839 1369 3899 cemento
1385 3839 1422 3897 et
1434 3823 1551 3923 lapide
1568 3823 1728 3897 stabilire

328 3951 544 4048 potuissent.
579 3949 659 4039 Set,
696 3951 908 4051 priusquam
935 3949 1091 4022 Romani
1122 3949 1289 4045 martyris
1321 3948 1447 4046 eapitis
1477 3948 1728 4021 inventionem
1828 4033 1831 4039 ἱ

329 4074 524 4173 explicem,
546 4071 810 4148 exordiendum
828 4089 881 4146 est
898 4071 1053 4174 ‹praliter
1074 4086 1111 4146 et
1131 4094 1202 4172 qua
1226 4072 1416 4145 occasione
1432 4083 1575 4140 sanctus
1592 4085 1729 4167 martyr

329 4192 399 4284 ibi,
423 4222 489 4296 per
510 4195 691 4296 quendam
717 4197 926 4283 Britonem,
954 4208 1062 4293 caput
1083 4193 1275 4294 proprium
1296 4189 1429 4283 deferri
1450 4190 1620 4263 voluerit.
1643 4192 1728 4264 Fuit

329 4317 419 4393 olim
444 4317 591 4418 quidam
618 4317 779 4415 locuples
810 4316 921 4390 homo
948 4318 988 4388 in
1017 4313 1082 4386 bac
1111 4304 1271 4388 citeriori
1301 4313 1512 4401 Britannia,
1542 4310 1728 4387 nobilibus

330 4438 509 4512 natalibus
526 4453 755 4539 procreatus,
775 4437 860 4538 qui,
883 4436 1006 4510 divina
1024 4435 1308 4536 propiciatione,
1331 4430 1601 4506 christianitatis
1619 4431 1728 4505 titulo

332 4563 539 4662 insignitus,
556 4563 593 4635 in
608 4561 835 4661 baptismatis
848 4560 991 4635 lavacro
1002 4561 1146 4660 pompis
1158 4557 1293 4632 diaboli
1309 4557 1589 4642 abrenonciatis,
1605 4557 1726 4628 Sancti

332 4686 490 4785 Spiritus
507 4687 769 4782 illustratione,
785 4684 831 4759 ab
843 4685 945 4760 omni
963 4684 1191 4784 piaculorum
1206 4683 1311 4759 sorde
1329 4682 1541 4771 mundatus,
1559 4679 1733 4756 Paulinus

377 4967 384 4993 ¹
404 4959 475 5035 Quae
490 4973 649 5041 sequuntur
664 4962 767 5024 absunt
782 4984 799 5022 a
813 4961 875 5022 cod.
890 4959 925 5022 R.
