4462 6120
438 679 511 748 20AE
965 676 1310 753 MONASTERIUM

436 823 722 896 anniversarium
732 847 816 894 eum
824 823 935 923 signis
946 823 1170 898 sonantibus.
1185 825 1377 918 Quartum,
1387 825 1583 916 llerveum,
1596 839 1737 926 patrem
1743 825 1830 898 Ful-

438 944 550 1018 eberii
577 945 740 1018 canonici
772 948 883 1018 sancti
913 947 1088 1039 Martini,
1117 948 1180 1048 qui
1210 946 1346 1020 ibidem
1375 972 1481 1019 suum
1505 945 1662 1019 fundum
1687 946 1830 1024 duobus

438 1065 567 1140 modiis
593 1068 761 1141 sementis
783 1084 909 1152 sancto
932 1070 1041 1142 Petro
1067 1069 1230 1171 reliquit.
1264 1070 1464 1163 Quintum,
1494 1068 1719 1161 ansoldum,
1747 1094 1832 1141 cum

438 1187 680 1288 Ermengarde
698 1215 760 1261 sua
785 1194 958 1290 conjuge,
984 1191 1047 1291 qui
1069 1191 1216 1265 alodum
1234 1218 1358 1284 suum,
1381 1193 1420 1265 in
1437 1190 1565 1266 eodem
1580 1191 1682 1283 loco,
1706 1205 1831 1263 sancto

437 1310 546 1384 Petro
562 1309 710 1383 dimisit.
730 1311 766 1383 Si
783 1312 864 1413 quis
880 1329 1001 1386 autem
1019 1312 1227 1412 prophanus
1239 1340 1284 1387 ex
1297 1312 1352 1387 bis
1362 1313 1468 1388 donis
1483 1313 1678 1415 quicquam
1687 1312 1833 1386 demere

441 1433 669 1530 temptauerit
681 1486 694 1524 ,
717 1431 951 1507 anathematis
973 1434 1091 1535 gladio
1115 1461 1325 1534 percussus,
1349 1461 1432 1508 cum
1454 1434 1599 1511 diabolo
1623 1436 1661 1507 in
1687 1433 1833 1508 inferno

441 1569 578 1646 trusus,
597 1580 705 1653 penas
724 1554 800 1628 luat
818 1558 894 1630 sine
912 1557 985 1631 fine
1001 1584 1198 1631 mansuras.
1218 1589 1236 1628 a
1289 1625 1292 1629 a

800 1841 1164 1933 urrunnun
1197 1844 1468 1935 Lxxnn.
1559 1774 1563 1779 ⁶

645 2083 689 2144 De
704 2085 810 2143 vicaria
823 2083 920 2141 Hunis
935 2082 1038 2155 ville,
1053 2096 1081 2141 et
1095 2083 1161 2141 atrii
1175 2082 1307 2141 aeclesiae
1320 2083 1514 2143 Reclamantis
1530 2083 1624 2143 Villae.
1740 2088 1743 2092 ’

239 2347 333 2394 amu,
346 2344 415 2393 1030,
494 2346 512 2384 a
541 2315 583 2386 ln
603 2329 611 2356 ¹
645 2312 795 2388 nomine
824 2325 957 2383 sanctae
988 2325 1025 2383 et
1054 2308 1249 2383 individuae
1281 2310 1486 2382 Trinitatis.
1517 2312 1594 2409 Ego
1627 2310 1811 2383 Hubertus
1821 2364 1834 2402 ,

442 2438 554 2539 gratia
572 2436 656 2523 Dei,
675 2433 805 2521 abbas,
825 2448 862 2506 et
881 2432 1000 2506 omnis
1017 2432 1252 2532 congregatio
1268 2432 1381 2503 sancti
1400 2432 1495 2509 Petri
1511 2431 1742 2505 carnotensis
1758 2457 1837 2505 coe-

443 2559 544 2634 nobil
553 2612 564 2649 ,
584 2572 713 2631 notum
728 2555 1000 2643 essevolumus,
1023 2570 1094 2626 tam
1111 2551 1338 2653 presentibus
1353 2580 1461 2654 quam
1476 2553 1593 2627 futuri
1610 2554 1684 2643 evi,
1703 2568 1835 2626 sanctae

442 2683 505 2756 Dei
525 2679 694 2753 aecclesiae
711 2676 897 2768 fidelibus,
916 2675 1168 2763 VValterium,
1188 2675 1354 2747 videlicet
1369 2673 1485 2747 filium
1504 2674 1679 2767 Fladaldi,
1697 2675 1836 2748 medie-

443 2819 552 2876 tatem
565 2802 706 2874 vicariae
718 2801 834 2872 Hunis
846 2797 955 2872 Villae
970 2822 1115 2870 necnon
1129 2813 1167 2868 et
1180 2795 1419 2869 Reclamantis
1431 2796 1537 2871 Villae
1550 2798 1631 2869 atrii
1646 2796 1834 2882 aecclesiae,

444 2950 483 2996 ac
507 2925 622 2997 tocius
641 2939 748 2996 terrae
769 2946 853 3020 quae
874 2918 918 2990 ad
942 2919 1024 2990 istas
1045 2917 1131 2989 duas
1152 2916 1252 2989 villas
1274 2919 1453 3017 pertinet,
1477 2946 1546 3019 pro
1569 2919 1681 2993 salute
1705 2945 1778 2992 suae
1801 2935 1837 2992 et

445 3047 607 3147 conjugis
622 3045 766 3131 animae,
786 3059 892 3143 atque
908 3068 979 3141 pro
995 3039 1182 3114 animabus
1199 3056 1390 3141 parentum
1407 3067 1578 3134 suorum,
1593 3058 1717 3116 sancto
1728 3044 1836 3120 Petro

444 3169 656 3242 concessisse
684 3183 860 3267 perpetuo
881 3170 986 3265 jure;
1019 3191 1086 3263 pro
1116 3190 1227 3263 eaque
1255 3165 1430 3264 accepisse
1455 3166 1693 3264 agripennum
1721 3192 1836 3237 unum

443 3293 576 3381 vineae,
593 3317 677 3390 quae
693 3305 842 3363 vocatur
861 3286 1078 3378 Radfredus,
1095 3313 1164 3386 pro
1185 3312 1259 3386 quo
1276 3285 1383 3360 nobis
1401 3285 1648 3361 offerebantur
1663 3288 1770 3362 XXV
1792 3290 1837 3360 li-

444 3413 509 3485 bre
534 3437 782 3511 nummorum.
812 3412 905 3482 Huic
927 3435 1073 3510 quoque
1096 3407 1195 3483 dono
1218 3435 1399 3482 assensum
1419 3409 1659 3510 praebuerunt
1673 3411 1838 3488 VValte-

443 3537 519 3608 rius
544 3535 588 3609 de
613 3533 768 3622 Alueto,
800 3537 901 3633 cujus
931 3531 1109 3605 beneficio
1136 3531 1227 3603 banc
1253 3533 1364 3631 ipsam
1393 3534 1563 3606 vicariam
1589 3560 1696 3632 supra
1720 3533 1837 3607 dictus

444 3658 648 3731 Gualterius
671 3673 856 3744 tenuerat3
876 3655 1016 3754 filiique
1033 3658 1107 3752 ejus
1124 3652 1352 3747 Gunberius,
1375 3654 1585 3745 Gausliuus,
1610 3655 1835 3745 Gualterius,

445 3807 527 3850 cum
546 3794 667 3879 patre,
694 3792 932 3881 assenserunt.
956 3773 1239 3873 subscripsimus
1260 3778 1369 3848 etiam
1390 3778 1616 3878 propinquos
1632 3777 1837 3870 VValterii,

445 3925 575 4000 eosque
598 3901 659 4000 qui
686 3925 769 3970 cum
792 3924 834 3971 eo
858 3896 1026 3984 fuerunt,
1053 3895 1199 3996 quando
1221 3909 1328 3995 sn'per
1348 3896 1458 3971 altare
1477 3900 1589 3971 sancti
1610 3902 1707 3972 Petri
1734 3900 1838 3999 hujus

445 4021 495 4093 rei
513 4046 691 4121 guerpum
708 4018 848 4119 posuit,
867 4043 1011 4090 necnon
1028 4033 1064 4088 et
1080 4016 1303 4091 famulorum
1321 4035 1532 4092 nostrorum
1554 4021 1722 4115 nomina,
1746 4047 1838 4122 quos

447 4140 538 4213 inibi
553 4140 744 4213 babuimus
752 4169 763 4228 ,-
780 4155 822 4211 ut
835 4140 862 4211 si
878 4140 959 4240 quis
973 4163 1134 4239 unquam
1147 4135 1233 4209 huic
1245 4138 1346 4237 operi
1364 4138 1574 4212 calumniari
1589 4145 1837 4242 temptaverit,

444 4263 545 4362 prius
565 4290 584 4333 a
608 4260 795 4333 liminibus
820 4276 952 4333 sanctae
976 4260 1041 4331 Dei
1065 4257 1235 4332 aecclesiae
1258 4276 1520 4359 sequestratus,
1546 4277 1583 4335 et
1604 4262 1838 4338 anathematis

440 4382 571 4485 jugulo
585 4382 759 4455 sauciatus
767 4438 779 4473 ,
796 4381 842 4454 ab
859 4408 935 4455 uno
951 4381 1083 4456 borum
1097 4378 1228 4452 baculo
1242 4380 1392 4455 ultiouis
1408 4383 1647 4483 propellatur,
1666 4387 1733 4458 nisi
1751 4389 1838 4460 resi-

446 4508 585 4606 puerit,
602 4506 639 4578 in
655 4502 800 4578 inferno
814 4502 995 4577 inferiori.
1011 4501 1245 4602 RaJenaldus,
1261 4503 1374 4578 frater
1385 4505 1574 4580 Gualterii.
1592 4507 1837 4601 Fredesindis,

494 4759 499 4784 ¹
514 4751 675 4823 Nonnullae
687 4755 745 4833 jam
755 4751 866 4812 chartas
876 4751 1001 4812 Huberti
1014 4752 1126 4813 abbatis
1163 4765 1324 4833 temporum
1339 4755 1369 4812 in
1384 4753 1467 4815 codd.
1482 4755 1597 4816 turbato
1610 4761 1773 4819 monuimus
1788 4779 1840 4816 su-

448 4848 590 4909 edidimus
602 4853 678 4910 inter
690 4850 901 4921 esebandrici3
917 4849 1011 4931 deque
1025 4850 1126 4911 ordine
1162 4873 1232 4931 pra,
1249 4853 1331 4913 initio
1345 4853 1396 4912 lib.
1414 4852 1471 4913 Vll
1485 4897 1494 4928 ,
1510 4876 1537 4935 p.
1558 4874 1624 4915 122.
