4462 6120
974 692 1322 779 MONASTERIUM
1431 692 1435 700 ’

912 878 1267 1048 CAPITiJLUM
1301 957 1385 1045 IX.

726 1178 770 1238 De
784 1178 869 1240 alodo
883 1183 913 1240 in
929 1181 1050 1241 Probata
1064 1182 1143 1243 Villa
1157 1206 1172 1242 a
1188 1183 1454 1243 sanctimonialibus
1468 1193 1577 1264 empto.
1601 1237 1604 1242 .
1642 1246 1645 1252 ,

267 1416 294 1462 ¹⁶
306 1430 359 1477 ma·
373 1415 428 1461 ⁹⁷⁹·
506 1439 524 1479 n
534 1411 612 1511 Ego
626 1408 664 1481 in
680 1410 746 1482 Dei
761 1411 912 1486 nomine
925 1409 1132 1511 Ledgardis,
1148 1410 1376 1489 devotissima
1389 1427 1497 1516 atque
1509 1386 1711 1497 fideiise'ma
1727 1407 1849 1483 famu·

453 1534 570 1607 larum
581 1533 660 1606 Dei.
677 1531 816 1607 Notum
828 1532 1056 1607 sitomnibus
1067 1533 1283 1611 orthodoxae
1296 1553 1333 1610 et
1343 1533 1716 1643 catholicaeiaeeclesiae
1732 1531 1849 1608 fideli-

453 1657 534 1749 bus,
546 1655 645 1761 quod
657 1683 725 1757 ego
737 1657 812 1756 ipsa
822 1673 858 1730 et
869 1656 1110 1763 quaedamalia
1127 1659 1206 1731 Deo
1216 1675 1365 1759 sacrata,
1381 1658 1530 1734 nomine
1542 1628 1848 1747 Godeleia,⁸sniebi

454 1797 527 1853 tam
547 1807 701 1881 corpore
722 1806 833 1881 quarn
853 1782 973 1854 anima
992 1783 1205 1881 conjuncta,
1224 1781 1408 1884 quendam
1423 1779 1590 1882 alodum,
1606 1777 1851 1877 conventione

455 1903 573 1976 habita
583 1957 594 1991 ,
612 1904 766 1977 emimus
782 1930 800 1974 a
818 1901 978 2003 quodam
993 1904 1074 1979 viro
1083 1958 1095 1993 ,
1115 1906 1264 1980 nomine
1280 1902 1480 1993 Otbberto,
1503 1919 1623 1977 totum
1639 1919 1676 1975 et
1693 1898 1737 1974 ad
1754 1901 1850 1973 inte-

452 2051 578 2125 grum,
597 2024 772 2127 quioquid
784 2029 867 2127 jure
882 2024 1102 2103 hereditario
1115 2041 1188 2098 tam
1202 2025 1248 2099 ab
1265 2028 1339 2098 avis
1355 2052 1466 2139 quam
1481 2026 1608 2098 attavis
1624 2023 1676 2097 ilii
1695 2008 1850 2099 dereliess

452 2165 533 2220 tum
557 2164 664 2250 atque
689 2147 878 2221 dimissum
903 2166 977 2239 est,
1003 2149 1040 2222 in
1065 2149 1149 2223 villa
1170 2176 1255 2252 quae
1278 2149 1465 2253 comnpmi
1490 2146 1670 2224 vocabulo
1694 2143 1849 2220 Probata

451 2269 544 2347 Villa
563 2270 716 2362 dieitur,
738 2288 857 2347 taxato
875 2289 988 2371 prout
1005 2290 1234 2372 oportunum
1251 2271 1325 2345 fuit
1342 2271 1485 2373 precio,
1513 2272 1553 2344 in
1575 2271 1751 2345 comitatu
1776 2270 1849 2341 sei-

451 2393 536 2466 iioet
551 2394 782 2484 Carnotensi3
801 2420 840 2468 ea
858 2395 1002 2471 ratione
1014 2411 1056 2467 ut
1068 2394 1116 2468 ab
1129 2393 1287 2495 ejusdem
1300 2421 1454 2495 persona
1468 2409 1505 2467 et
1518 2372 1600 2493 jbre
1614 2392 1652 2465 in
1669 2408 1845 2481 nostram,

451 2516 497 2587 ab
514 2516 687 2591 hodierna
702 2517 759 2591 die
772 2532 809 2593 et
823 2517 862 2590 in
875 2518 1057 2618 reliquum
1071 2518 1137 2593 aevi
1155 2519 1372 2607 terminum,
1390 2532 1547 2590 transeat
1559 2513 1850 2590 dominationem

450 2655 557 2739 atque
583 2655 814 2741 potestatem.
842 2624 918 2713 Est
933 2656 1055 2712 autem
1081 2638 1160 2714 haec
1187 2642 1328 2742 emptio
1353 2639 1414 2711 tali
1443 2655 1571 2714 tenore
1593 2655 1632 2711 et
1652 2636 1848 2712 devotione

451 2760 585 2851 habita,
601 2780 657 2851 ut,
673 2761 834 2864 quandiu
853 2762 1063 2862 superstites
1075 2761 1266 2852 fuerimus,
1284 2764 1322 2834 in
1339 2779 1478 2838 nostrae
1489 2756 1848 2860 voluntatisdisposi·
1929 2849 1932 2854 .

387 2889 390 2897 '
451 2886 551 2957 tione
565 2898 723 2973 maneam
745 2901 825 2985 post
843 2881 1111 2983 depositionem
1123 2909 1210 2963 vero
1228 2900 1408 2973 nostram,
1427 2886 1466 2957 in
1481 2896 1711 2986 potestate-et
1727 2880 1848 2965 domi-

450 3006 513 3080 nio
527 3006 649 3079 Sancti
660 3006 773 3097 Petri,
791 3007 829 3079 in
843 3005 1022 3081 suburbio
1037 3006 1207 3080 Carnotis
1222 3007 1429 3096 constituti,
1444 3022 1481 3079 et
1493 3005 1649 3079 fratrum
1666 3002 1756 3078 inibi
1770 3005 1846 3077 Deo

449 3126 725 3218 famulantium,
748 3155 832 3202 oum
848 3129 950 3203 omni
975 3128 1184 3228 integritate
1202 3146 1238 3202 et
1255 3130 1390 3230 absque
1411 3127 1483 3200 ulla
1505 3129 1673 3231 opposita
1692 3152 1846 3233 persona

450 3248 518 3324 hoc
532 3250 789 3341 calumnianti,
807 3266 964 3324 transeat
977 3266 1085 3352 atque
1098 3249 1290 3325 dirivetur.
1307 3252 1408 3324 Hanc
1422 3268 1544 3324 autem
1553 3250 1686 3323 cartam
1691 3304 1712 3343 ›.
1722 3267 1766 3321 ut
1781 3248 1847 3323 fir-

448 3375 545 3447 mior
561 3375 755 3475 veriorque
771 3373 954 3460 credatur,
972 3399 1083 3446 manu
1101 3375 1250 3474 propria
1273 3370 1512 3475 manibusque
1532 3371 1692 3447 fidelium
1712 3387 1846 3445 sanctae

345 3584 348 3591 Ι
448 3497 512 3569 Dei
526 3495 700 3573 aecclesiae
716 3495 884 3571 roborari
902 3495 1067 3569 fecimus.
1086 3496 1219 3570 Actum
1237 3497 1405 3571 Carnotis
1413 3550 1424 3586 ,
1438 3494 1599 3596 publice.
1615 3493 1694 3591 Odo
1710 3520 1842 3572 eomes.

449 3621 631 3694 Conamus
642 3646 761 3695 comes
768 3619 998 3696 Brittanniae.
1012 3618 1222 3695 baudricus.
1232 3621 1431 3694 Anduinus.
1441 3619 1663 3696 Rodbertus.
1673 3606 1847 3694 Erebein·

449 3741 573 3816 baldus
600 3743 763 3816 clericus.
789 3742 989 3831 Teduinns.
1015 3742 1102 3817 Data
1129 3770 1177 3819 xv
1199 3742 1366 3818 kalendas
1391 3742 1630 3845 septembris,
1656 3769 1754 3818 anno
1772 3768 1844 3815 xxv

449 3865 552 3963 regni
571 3862 746 3940 clotharii
765 3866 871 3968 regis.
892 3896 911 3935 n

920 4073 1273 4167 carnoten
1307 4076 1369 4217 r.

604 4326 608 4335 ¹
731 4301 775 4361 De
790 4322 822 4362 vt
837 4305 1004 4397 agripennis
1019 4303 1112 4362 vineae
1123 4303 1200 4363 baali
1212 4302 1382 4385 Sigemundi
1395 4304 1558 4386 presbiteri.

300 4573 354 4618 ra..
368 4573 424 4621 93„
498 4532 551 4598 *a
566 4531 626 4602 ln¹
639 4530 788 4604 nomine
798 4532 1104 4630 Cunctipotentis.
1119 4529 1344 4621 Fulcherius,
1357 4536 1420 4634 qui
1434 4534 1616 4608 abbatiam
1625 4536 1745 4609 Sancti
1756 4538 1844 4612 Leo·

449 4651 541 4743 bini,
556 4678 640 4754 quae
655 4667 708 4725 est
727 4653 763 4724 in
778 4652 956 4727 suburbio
971 4655 1154 4745 Carnotis,
1172 4682 1238 4755 per
1250 4656 1482 4757 largitionem
1494 4659 1645 4734 senioris
1657 4660 1728 4732 mei
1745 4658 1842 4734 Odo-

495 4907 501 4933 ¹
522 4897 607 4959 Extat
623 4901 651 4958 io
670 4899 753 4961 Gall.
775 4899 882 4960 Christ.
887 4945 897 4973 ,
913 4913 935 4960 t.
954 4850 1215 4977 V111,insi.‚col.
1236 4907 1306 4986 293.
