4462 6120
676 720 713 792 S.
732 719 875 791 PETRI
901 714 1239 791 CARNOTENSIS.
1610 718 1650 789 11

258 882 572 968 restauratumque
591 868 792 968 pontificali
812 866 1066 942 benedictione
1083 891 1221 938 sacrare
1237 863 1409 938 decrevit.
1423 862 1655 938 Clerinomiae

258 1016 403 1091 quoque
423 991 551 1064 seriem
575 992 781 1081 instituens,
795 1019 877 1095 quae
893 989 1015 1092 perdia
1033 1014 1248 1089 pernoxque
1273 986 1393 1062 laudes
1420 987 1496 1063 Deo
1518 986 1656 1060 debitas

259 1112 350 1187 inibi
367 1114 550 1204 redderet;
574 1119 666 1190 etin
688 1144 772 1191 usus
787 1117 1005 1190 necessarios
1029 1112 1194 1186 tribuens
1212 1113 1242 1185 ei
1262 1112 1379 1184 vineae
1395 1110 1556 1183 clausum
1577 1126 1656 1185 ter·

257 1262 407 1338 ramque
420 1240 645 1339 contiguam,
658 1267 768 1341 quam
781 1255 1020 1313 antecessores
1038 1239 1126 1335 ejus,
1144 1234 1316 1335 sacrilego
1330 1249 1431 1323 voto,
1453 1231 1521 1307 sibi
1539 1231 1657 1308 subri-

256 1378 431 1458 puerant,
468 1389 553 1434 rura
584 1389 731 1464 quoque
767 1390 849 1463 quae
882 1360 1034 1434 credidit
1062 1359 1222 1432 sufficere
1253 1357 1471 1432 clericorum
1501 1381 1655 1431 numero

257 1497 429 1582 perpetua
452 1484 644 1584 largitione
670 1485 903 1560 condonavit.
937 1485 1029 1577 Qui,
1056 1482 1217 1583 quandiu
1237 1482 1352 1567 vixit,
1380 1479 1498 1554 cordis
1518 1479 1656 1552 intuitu

257 1607 370 1706 sagire
388 1606 524 1694 voluit,
549 1609 712 1681 intentus
734 1607 953 1681 utilitatibus
970 1622 1078 1707 atque
1100 1603 1332 1703 provectibus
1349 1603 1434 1677 loci.
1459 1603 1541 1695 Quo
1557 1599 1654 1674 felici

257 1728 382 1804 obitu¹
399 1729 442 1802 ad
460 1745 669 1805 sanctorum
682 1733 863 1806 consortia
877 1729 921 1803 de
933 1727 1061 1802 mundi
1076 1727 1180 1826 hujus
1189 1726 1317 1826 pelago
1331 1723 1376 1799 ab
1387 1724 1521 1826 angelis
1536 1739 1657 1797 trans·

257 1852 350 1941 lato,
381 1853 419 1925 in
439 1854 646 1952 episcopatu
669 1854 700 1926 ei
726 1852 942 1926 venerabilis
962 1849 1209 1952 Ragenlredus
1224 1851 1410 1938 successit,
1434 1849 1497 1950 qui
1516 1861 1656 1948 quanto

258 2003 379 2051 amore
398 1978 519 2050 locum
535 1976 703 2048 dilexerit
723 1975 828 2049 facile
844 1977 1009 2076 sequenti
1027 2000 1137 2074 opere
1154 1989 1274 2074 potest
1289 1973 1448 2072 agnosci.
1470 1973 1563 2044 Nam
1582 1972 1656 2068 ejus

257 2102 371 2200 sagaci
389 2100 535 2199 ingenio
557 2115 665 2199 atque
690 2100 838 2171 instanti
856 2099 1106 2198 sucgestione,
1130 2097 1246 2169 clarus
1264 2120 1396 2195 genere
1411 2111 1447 2168 et
1464 2119 1574 2193 opere
1592 2091 1657 2164 Al-

256 2248 342 2295 vens
349 2277 360 2311 ,
382 2221 539 2322 ejusdem
569 2222 639 2296 loci
665 2220 791 2311 abbas,
818 2249 901 2295 cum
928 2221 1111 2295 curionicis
1136 2218 1270 2321 quibus
1295 2243 1446 2318 praeesse
1465 2212 1657 2289 videbatur

257 2361 373 2418 artam
396 2346 490 2416 viam
515 2346 655 2444 ingredi
683 2346 832 2444 cupiens
856 2372 928 2446 qua
953 2344 1117 2417 tenditur
1140 2343 1183 2416 ad
1205 2344 1344 2430 Deum,
1374 2342 1413 2414 in
1436 2339 1655 2416 Floriacensi

258 2467 429 2542 coenobio
454 2468 678 2543 clerinomiae
693 2468 821 2541 seriem
838 2469 1025 2568 religionis
1045 2465 1173 2541 babitu
1188 2491 1380 2551 exornans,
1395 2489 1461 2563 per
1479 2463 1656 2536 trienium

257 2615 425 2663 normam
440 2588 535 2663 beati
555 2590 739 2664 Benedicti
756 2590 876 2664 sedula
895 2592 1102 2667 intentione
1120 2616 1187 2690 per
1201 2587 1419 2664 obedientiae
1441 2583 1581 2661 bonum
1598 2581 1655 2657 di-

257 2712 363 2802 dicit,
384 2712 561 2814 indeque,
576 2729 768 2787 revocante
781 2740 862 2814 sepe
874 2715 1112 2788 memorando
1125 2714 1297 2813 episcopo
1309 2707 1538 2812 Regenlredo
1546 2761 1557 2798 ,
1571 2734 1656 2781 cum

257 2839 330 2909 suis
366 2837 564 2909 instructus
599 2836 826 2936 regularibus
856 2836 1077 2939 disciplinis,
1103 2836 1147 2909 ad
1169 2837 1292 2911 locum
1325 2834 1519 2935 proprium
1548 2821 1669 2905 rediit

258 2960 438 3048 Carnotis,
455 2986 576 3032 seeum
593 2987 737 3033 sumens
754 2976 790 3033 et
803 2960 892 3034 alios
908 2961 1100 3035 duodecim
1114 2958 1327 3043 monachos,
1342 2984 1434 3059 quos
1450 2984 1493 3030 ex
1505 2977 1658 3056 congre·

257 3083 404 3183 gatione
421 3083 719 3180 supramemorati
739 3082 901 3156 coenobii
916 3083 1044 3155 maluit
1059 3083 1207 3183 eligere,
1228 3092 1411 3154 utcontra
1431 3077 1573 3154 bostem
1592 3102 1657 3150 an·

258 3206 402 3306 tiquum
418 3204 518 3277 velut
539 3204 809 3279 robustissimos
835 3219 979 3303 tyrones
997 3206 1035 3277 in
1058 3233 1155 3280 novo
1175 3203 1371 3281 certamine
1389 3200 1538 3274 baberet
1554 3197 1657 3298 adju-

259 3342 368 3402 tores.
385 3329 584 3427 Episcopus
595 3354 701 3429 ergo,
717 3356 784 3428 per
794 3330 907 3403 totius
922 3328 1165 3402 intersticium
1179 3326 1330 3399 triennii
1346 3351 1421 3425 quo
1434 3349 1469 3395 se
1483 3324 1520 3395 in
1535 3336 1657 3395 sancta

258 3450 435 3551 religione
450 3451 763 3541 informaverunt,
780 3452 860 3526 edes
874 3453 917 3526 ad
935 3451 1169 3542 manendum,
1186 3452 1456 3548 claustrumque
1469 3443 1657 3519 monacbis

259 3598 463 3673 congruum
499 3575 648 3647 instanti
680 3577 886 3647 construxit
912 3602 1035 3676 opere.
1075 3573 1215 3667 Quibus
1243 3599 1326 3646 cum
1362 3596 1496 3670 magno
1525 3567 1656 3670 gaudio

258 3697 425 3795 receptis,
434 3712 541 3797 atque
552 3695 737 3769 adnitente
747 3699 859 3771 totius
868 3699 995 3800 populi
1010 3724 1202 3786 consensu,
1212 3723 1319 3796 supra
1331 3707 1533 3767 memorato
1542 3690 1656 3767 Alveo

259 3817 387 3892 abbate
402 3835 560 3907 sacrato,
577 3821 716 3893 victum
727 3835 763 3895 et
779 3823 902 3896 omnia
917 3824 1112 3896 necessaria
1125 3821 1275 3921 largiter
1284 3820 1334 3893 eis
1346 3814 1655 3903 accommodavit,

260 3940 434 4014 aecclesias
451 3941 558 4013 etiam
575 3959 683 4044 atque
700 3944 801 4018 villas
824 3971 912 4046 quas
931 3961 1171 4021 antecessores
1188 3944 1243 4017 sui
1267 3968 1376 4044 prava
1394 3954 1657 4039 usurpaverant

259 4060 477 4151 ambitione,
498 4067 600 4136 omni
620 4066 765 4141 excluso
783 4066 978 4141 dubietatis
997 4064 1197 4167 bithalapso
1209 4081 1235 4154 ²,
1251 4061 1465 4138 subtrabens
1483 4059 1572 4150 sibi,
1591 4061 1659 4133 sti·

258 4184 452 4284 pendiariis
469 4184 593 4258 usibus
605 4192 823 4293 jamjamque
842 4189 993 4264 redivivi
1018 4189 1156 4264 ordinis
1174 4189 1341 4261 alacriter
1360 4183 1531 4258 reddidit.
1555 4183 1659 4262 Viri.-

259 4307 565 4410 diariumquoqne
574 4311 674 4410 qnod
683 4315 985 4412 situmeratjuxta
997 4311 1426 4409 coenobiumterramque
1435 4307 1658 4407 contiguam,

259 4430 385 4530 priscis
406 4431 650 4531 temporibus,
670 4434 714 4507 ab
732 4437 908 4535 episcopis
927 4435 1020 4509 male
1035 4450 1233 4524 retentam,
1251 4458 1317 4534 per
1332 4434 1459 4532 ingens
1475 4428 1658 4531 quoddam

261 4552 464 4626 turibulum
478 4574 691 4656 argenteum
703 4558 820 4632 libens
831 4558 1065 4632 contradidit.
1085 4558 1177 4653 Quia
1196 4584 1283 4632 vero
1300 4571 1373 4630 tam
1390 4554 1436 4626 ab
1454 4552 1532 4625 Elia
1549 4575 1656 4654 quam

261 4674 305 4748 ab
328 4676 405 4750 aliis
429 4695 512 4777 post
539 4707 622 4754 eum
647 4679 938 4782 episcopantibus
960 4681 1109 4757 reddere
1139 4697 1250 4755 terras
1273 4678 1437 4781 nequivit
1463 4677 1540 4749 sine
1561 4701 1659 4778 quo·

304 4957 313 4983 ¹
335 4949 419 5006 Anno
436 4946 507 5031 950.
525 4951 563 5010 D.
581 4951 692 5033 Muley.
1019 4965 1029 4991 ²
1053 4955 1121 5036 Leg.
1138 4953 1310 5014 br'tlralasso.
