4462 6120
653 713 690 789 S.
712 714 854 803 PETRI
880 709 1218 786 CARNOTENSIS.
1612 708 1636 774 7

242 886 282 934 re
292 859 387 933 cives
399 883 483 931 cum
498 884 564 934 suo
580 861 734 960 praesule
742 914 754 950 ,
772 859 858 933 falsa
875 885 939 959 spo
954 858 1090 945 securi,
1107 883 1190 929 cum
1201 853 1365 928 barbaris
1377 853 1483 929 fedus
1494 855 1635 943 iniunt,

243 981 345 1056 urbis
355 999 477 1081 portas
489 984 678 1082 aperiunt,
692 1009 817 1056 rerum
829 983 998 1058 omnium
1009 980 1191 1054 renalium
1208 980 1351 1078 copiam
1364 979 1455 1052 foris
1469 980 1639 1078 intusque

244 1102 404 1192 emendi,
424 1104 524 1177 velut
539 1107 644 1180 sociis
659 1123 697 1179 et
712 1106 835 1178 amicis
851 1104 1034 1176 tribuunt.
1056 1102 1147 1195 Qui,
1168 1099 1405 1200 possibilitate
1422 1118 1544 1190 nacta,
1564 1115 1641 1174 tota

244 1223 441 1299 ebdomada
457 1227 619 1298 ostiatim
635 1227 765 1296 urbem
781 1228 1005 1323 perlustrant
1026 1240 1063 1295 et
1084 1225 1183 1297 vicos
1205 1241 1289 1295 ante
1312 1223 1380 1295 sibi
1405 1224 1552 1298 innotos
1568 1222 1640 1295 effi-

244 1347 348 1420 ciunt
371 1363 493 1421 notos.
520 1347 653 1421 Octava
673 1345 829 1448 denique
851 1345 928 1437 die,
949 1345 1087 1419 civibus
1110 1344 1149 1416 in
1174 1343 1258 1419 foro
1281 1346 1449 1433 intentis,
1472 1347 1640 1447 quaterni

244 1469 393 1543 velseni
410 1469 670 1569 paulatim'per
688 1470 788 1542 vicos
810 1469 965 1540 civitatis
981 1466 1126 1540 barbari
1145 1493 1181 1541 se
1198 1468 1370 1567 ingerunt
1387 1469 1506 1557 taciti,
1526 1470 1643 1568 portis

246 1591 397 1692 singulis
410 1609 586 1689 ponentes
601 1590 813 1680 custodiam,
830 1609 937 1691 atque
951 1592 990 1663 in
1002 1589 1087 1665 foro
1100 1590 1279 1689 plurimos
1291 1590 1391 1692 quasi
1405 1589 1543 1693 aliquid
1553 1617 1643 1665 mer·

247 1731 390 1787 caturos
407 1714 615 1785 remittunt.
632 1715 695 1786 llis
711 1715 758 1785 ita
774 1715 944 1813 patratis,
960 1713 1131 1813 Astingus
1149 1714 1187 1784 in
1203 1712 1341 1788 feretro
1354 1730 1529 1803 armatus,
1543 1713 1644 1787 velut

247 1853 414 1909 mortuus
428 1835 640 1924 collocatur,
656 1851 709 1924 et,
727 1836 766 1906 in
779 1836 937 1908 aecclesia
954 1862 971 1906 a
990 1836 1062 1906 suis
1075 1834 1299 1934 deportatus,
1315 1836 1462 1935 patrino
1478 1861 1544 1908 suo
1555 1863 1646 1936 prae-

248 1958 315 2031 suli
334 1984 417 2029 cum
434 1958 603 2032 simulato
621 1957 710 2031 fletu
722 1956 903 2047 exibetur,
919 1974 961 2029 ut
974 1956 1257 2030 christianorum
1269 1983 1312 2030 ex
1325 1955 1395 2031 hoc
1408 1958 1528 2032 seculo
1544 1956 1646 2031 dece·

247 2079 413 2154 dentium
430 2077 581 2152 festinus
598 2080 757 2154 officium
774 2096 973 2181 perageret.
1000 2080 1071 2173 Qui
1087 2079 1217 2153 devote
1232 2077 1466 2153 humanitatis
1488 2080 1648 2154 officium
1767 2105 1770 2111 ·

248 2227 440 2302 peragens,
459 2228 543 2273 cum
565 2203 604 2274 in
625 2201 817 2304 sepulchro
841 2229 884 2276 ex
904 2229 1007 2278 more
1034 2201 1181 2276 cadaver
1202 2219 1410 2291 mortuum,
1435 2220 1477 2276 ut
1500 2203 1647 2276 estima-

248 2324 371 2411 batur,
396 2322 528 2424 deponi
550 2325 717 2423 juberet,
743 2326 888 2400 barbari
914 2327 1072 2428 ingentis
1091 2326 1241 2401 vocibus
1262 2326 1414 2399 clamare
1436 2343 1646 2426 coeperunt,

249 2445 436 2518 maledicta
453 2464 706 2548 perstrepunt,
726 2464 873 2550 totaque
890 2449 1047 2522 aecclesia
1063 2450 1219 2524 attonita
1236 2450 1275 2522 in
1293 2475 1398 2525 voces
1412 2448 1520 2523 simul
1536 2448 1649 2522 attol-

249 2569 351 2641 litur.
375 2566 472 2661 Quid
490 2568 619 2669 plura?
636 2569 700 2644 llle
716 2571 881 2645 funestus
897 2572 1053 2662 satelles,
1072 2572 1116 2645 de
1133 2571 1229 2645 lecto
1245 2571 1367 2645 subito
1381 2571 1549 2662 exiliens,
1568 2595 1650 2642 eva·

251 2692 375 2791 ginato
392 2690 530 2791 gladio,
551 2693 690 2766 facinus
705 2712 923 2797 conceptum
938 2696 1066 2797 satagit
1082 2720 1265 2796 peragere.
1285 2696 1334 2767 Et
1357 2696 1479 2796 primo
1502 2691 1649 2796 quidem

253 2814 288 2886 in
308 2817 495 2915 patrinum
512 2843 616 2888 suum
634 2819 851 2907 antistitem,
872 2820 954 2919 qui,
976 2834 1019 2890 ut
1035 2821 1109 2917 ejus
1125 2818 1281 2890 animam
1298 2816 1427 2891 factori
1447 2818 1526 2888 Deo
1544 2842 1649 2889 com-

251 2934 456 3024 mendaret,
475 2937 648 3009 infulatus
662 2937 834 3028 adstabat,
852 2965 974 3013 ensem
993 2938 1098 3027 levat,
1112 2963 1281 3038 eumque,
1302 2937 1437 3010 crudeli
1453 2936 1648 3024 crudelior,

252 3058 368 3156 capite
397 3072 587 3147 truncato,
616 3077 813 3159 martyrem
839 3063 958 3134 efficit.
988 3062 1097 3160 Cujus
1119 3060 1254 3134 milites
1275 3086 1341 3161 per
1367 3077 1481 3134 totam
1502 3056 1651 3160 quidem

253 3180 468 3269 aecclesiam,
492 3183 745 3256 multimodam
769 3209 893 3258 necem
921 3200 1149 3285 peragentes,
1176 3182 1267 3254 nulli
1295 3183 1412 3271 aetati,
1435 3181 1526 3253 nulli
1551 3181 1650 3254 sexui

253 3319 457 3402 parcentes,
477 3318 708 3381 mortuorum
738 3303 989 3394 cadaveribus,
1008 3304 1109 3378 velut
1131 3303 1325 3403 manipulis
1341 3304 1521 3403 spicarum
1537 3301 1652 3374 Sirius

253 3423 381 3498 ardens
396 3453 544 3527 agrum,
565 3429 613 3501 ita
632 3429 756 3502 sitiens
773 3430 945 3530 sanguine
962 3425 1101 3528 gladius
1118 3451 1247 3501 eorum
1264 3426 1454 3525 cooperuit
1469 3425 1654 3524 pavimen-

254 3564 354 3637 tum,
367 3547 468 3649 quod
483 3550 592 3621 etiam
605 3576 717 3651 usque
732 3552 771 3622 in
786 3552 887 3622 atriis
904 3551 1088 3651 sanguinis
1103 3549 1185 3621 rivo
1198 3572 1346 3620 manare
1361 3547 1540 3619 fecerunt.
1557 3545 1653 3638 Quo

254 3694 337 3740 rum
358 3694 463 3742 voces
482 3687 523 3742 ut
541 3678 669 3744 eorum
687 3673 879 3773 complices
897 3697 962 3772 per
980 3672 1162 3744 civitatem
1179 3669 1290 3770 sparsi
1310 3668 1524 3757 audierunt,
1543 3692 1653 3768 quos-

256 3817 411 3891 cumque
437 3792 589 3866 obviant
617 3795 715 3867 velut
740 3821 823 3868 oves
850 3809 1029 3884 mactant,
1058 3795 1121 3895 qui
1149 3793 1262 3866 totius
1288 3788 1521 3862 humanitatis
1546 3805 1654 3890 atque

255 3914 397 4014 pietatis
420 3914 550 4005 obliti,
572 3942 672 3989 senes
690 3933 727 3988 et
744 3920 915 4015 juvenes,
943 3920 1150 4015 conjugatas
1173 3930 1211 3988 et
1229 3913 1405 4012 virgines,
1430 3913 1600 4013 parvulos
1617 3926 1654 3984 et

255 4033 452 4136 pendentes
472 4035 516 4109 ad
534 4036 665 4127 ubera,
685 4039 814 4140 iniquo
831 4046 1008 4113 mucrone
1024 4039 1264 4138 perimerunt.
1283 4035 1399 4108 Simili
1418 4034 1529 4109 modo
1545 4059 1655 4134 vaga-

256 4155 369 4229 bundi
384 4183 450 4258 per
463 4176 624 4233 rostrum
635 4177 661 4248 ¹,
676 4176 834 4234 ementes
846 4161 982 4261 pariter
995 4174 1030 4232 et
1042 4157 1251 4247 vendentes,
1263 4172 1388 4231 euntes
1402 4171 1439 4230 et
1448 4155 1652 4246 redeuntes,

258 4277 391 4354 crudeli
411 4306 494 4354 ense
511 4281 739 4383 perfundunt
751 4284 946 4385 sanguine,
965 4282 1102 4357 venalia
1119 4307 1265 4382 quoque
1282 4307 1369 4380 quae·
1383 4281 1422 4352 in
1436 4295 1559 4355 rostro
1575 4305 1657 4379 rep-

258 4419 434 4502 pererunt
463 4403 507 4476 ad
535 4421 626 4478 rates
657 4421 952 4505 exportaverunt.
983 4405 1054 4498 Qui
1080 4429 1168 4479 vero
1194 4402 1377 4476 civitatem
1402 4415 1651 4503 pervaserant,

259 4551 388 4597 aurum
405 4544 442 4599 et
459 4543 650 4629 argentum
666 4529 850 4631 variasque
868 4554 953 4629 opes
972 4529 1009 4600 in
1028 4553 1067 4601 ea
1081 4528 1244 4602 inventas
1262 4525 1490 4626 diripientes,
1506 4546 1656 4625 eamque

261 4811 393 4869 comitem
415 4834 479 4872 cuni
498 4818 633 4897 episcopo
650 4816 735 4876 fuisse
753 4818 874 4900 Astingo
887 4839 940 4900 pa·
1019 4817 1115 4890 'Hic,
1137 4831 1259 4878 rostrum
1279 4834 1333 4897 pro
1343 4814 1416 4898 soro
1435 4811 1551 4872 videtur
1567 4832 1657 4871 usur-

261 4909 380 4966 triuum.
730 4939 733 4943 >
883 4936 886 4945 ’
974 4915 1053 4994 pari,
1068 4917 1122 4974 nisi
1140 4919 1175 4974 sit
1190 4914 1285 4995 aliqua
1299 4913 1377 4972 vocis
1392 4910 1547 4991 corruptio.
1580 4939 1584 4949 ·
