4462 6120
458 734 530 803 23t
984 728 1333 807 MONASTERIUM

457 876 542 950 huic
559 879 706 952 cartulae
724 875 1023 965 contradicendo,
1043 878 1206 951 extiterit
1223 879 1448 966 contrarius,
1468 881 1578 978 janua
1600 876 1684 950 coeli
1704 879 1735 950 ei
1754 879 1857 951 clau-

457 998 578 1088 datur,
594 1015 649 1088 et,
666 999 735 1071 nisi
750 1000 961 1100 resipuerit,
976 1024 1060 1072 cum
1071 999 1162 1073 Juda
1180 1000 1383 1100 proditore,
1403 1002 1480 1075 siue
1496 999 1568 1074 fine
1583 1025 1711 1101 poenas
1724 1001 1800 1073 luat
1817 1001 1854 1072 in

459 1120 635 1221 gehennae
652 1121 810 1221 ignibus.
829 1121 962 1194 Actum
979 1136 1033 1194 est
1055 1120 1124 1196 boc
1146 1123 1313 1196 Carnutis
1330 1121 1493 1221 publice,
1514 1147 1613 1197 anno
1634 1121 1728 1195 XXI
1751 1123 1854 1222 regni

462 1243 619 1345 Philippi
636 1247 744 1345 regis.
769 1276 787 1316 u

889 1379 1262 1472 CAPITULUM
1297 1384 1432 1472 tht.

990 1581 1035 1640 De
1049 1583 1176 1642 aecclesia
1189 1582 1328 1641 Stilionis.

259 1805 352 1852 ann.
368 1805 438 1854 nor.
515 1815 533 1853 u
550 1785 593 1856 ln
607 1782 740 1856 Christi
758 1784 908 1858 nomine
917 1834 928 1867 ,
950 1783 1149 1859 conditoris
1168 1783 1336 1858 omnium
1353 1807 1491 1854 rerum.
1511 1778 1651 1856 Notum
1667 1807 1739 1854 esse
1756 1782 1860 1856 volu-

263 4367 324 4417 Autc
334 4385 355 4415 a.
367 4365 439 4416 11⁰2.

463 1931 543 1978 mus
564 1905 704 1978 cunctis
722 1920 854 1978 sanctae
872 1906 936 1979 Dei
956 1905 1125 1978 aecclesiae
1144 1902 1308 1979 fidelibus
1321 1903 1562 2004 praesentibus
1579 1921 1686 2003 atque
1703 1903 1857 1991 futuris,

463 2055 531 2131 ego
545 2027 914 2104 scilicetVVillelmus
926 2043 963 2102 et
978 2054 1073 2102 uxor
1085 2053 1163 2102 mea
1178 2027 1450 2130 Ermengardis‚
1465 2054 1548 2100 cum
1561 2028 1670 2100 unico
1685 2024 1761 2102 filio
1776 2053 1859 2100 meo

462 2151 689 2242 VVillelmo,
703 2176 772 2252 pro
785 2150 988 2239 animarum
1006 2165 1216 2239 nostrarum
1232 2148 1504 2251 redemptione,
1518 2147 1597 2224 Deo
1613 2148 1858 2249 omnipotenti

464 2290 500 2347 et
511 2288 636 2346 sancto
645 2272 768 2358 Petro,
784 2272 1033 2372 apostolorum
1043 2273 1215 2375 principi,
1227 2274 1271 2359 jn
1284 2275 1385 2372 cujus
1394 2273 1616 2347 monasterio
1625 2269 1719 2371 apud
1730 2268 1860 2342 urbem

465 2397 727 2469 carnotensem
741 2421 850 2468 sacrae
869 2395 1055 2495 religionis
1072 2394 1239 2468 habitum
1256 2397 1331 2496 ipse
1346 2394 1523 2495 suscipio,
1541 2391 1722 2495 quandam
1738 2393 1862 2466 aeccle-

465 2518 552 2589 siam
570 2518 608 2589 in
623 2515 763 2592 honore
778 2519 905 2589 matris
920 2517 1069 2590 Domini
1087 2516 1294 2609 fundatam,
1311 2519 1349 2590 in
1365 2517 1529 2604 Pertico,
1549 2514 1631 2589 loco
1645 2517 1709 2616 qui
1725 2515 1860 2589 dicitur

464 2639 677 2713 Extiliolus¹
688 2637 919 2714 concedendo
930 2641 1122 2738 partimur,
1133 2642 1221 2713 utin
1232 2657 1410 2713 aeternum
1419 2636 1861 2738 possideantmedietatem

464 2760 613 2834 decimae
635 2788 675 2833 ac
700 2759 856 2833 archadii
883 2777 991 2861 atque
1011 2761 1206 2860 sepulturae
1233 2775 1425 2863 totumque
1450 2759 1583 2848 altare,
1609 2756 1862 2832 medietatem-

465 2909 535 2982 que
552 2884 659 2972 atrii,
682 2901 789 2983 atque
807 2881 949 2957 duobus
975 2881 1094 2956 bobus
1121 2899 1254 2956 terram
1279 2898 1460 2983 quantum
1484 2881 1635 2967 sufficit,
1663 2897 1700 2954 et
1716 2880 1862 2980 aripen-

466 3029 556 3075 num
574 3029 687 3075 unum
706 3005 819 3103 prati3
841 3021 948 3105 atque
966 3004 1094 3077 hurum
1112 3029 1236 3109 rerum
1249 3005 1388 3078 donum
1405 3031 1512 3106 super
1525 3004 1635 3076 altare
1651 3001 1746 3075 beati
1763 3002 1859 3075 Petri

464 3129 611 3200 mittere
619 3129 727 3227 jussi,
744 3145 780 3201 et
794 3129 938 3202 testium
955 3128 1104 3204 uomina
1118 3127 1344 3202 subscribere
1359 3127 1472 3204 volui.
1494 3127 1544 3199 Et
1557 3127 1585 3198 si
1603 3127 1684 3227 quis
1701 3150 1861 3225 uuquam

466 3249 638 3324 heredum
656 3277 822 3324 meorum
847 3250 932 3323 huic
955 3250 1054 3325 dono
1079 3255 1262 3339 contraire
1289 3251 1540 3354 temptaverit,
1566 3247 1862 3322 excommunice-

468 3372 577 3446 tionis
593 3370 752 3471 dampno
773 3373 874 3473 prius
892 3372 1074 3462 incurrat,
1092 3372 1221 3447 deinde
1239 3389 1324 3447 octo
1348 3373 1472 3444 uncias
1497 3370 1576 3443 auri
1600 3369 1659 3441 cui
1685 3368 1786 3441 litem
1804 3369 1863 3440 in-

467 3495 592 3569 tulerit
604 3495 732 3583 solvat,
744 3510 780 3569 et
791 3513 941 3570 conatus
953 3499 1027 3596 ejus
1041 3495 1201 3571 inefficax
1215 3513 1436 3597 permaneat.
1449 3496 1600 3596 Signum
1611 3489 1862 3592 Ermengardis

466 3618 651 3716 conjugis,
675 3643 757 3718 quae
778 3616 918 3692 donum
936 3616 1041 3716 hujus
1058 3619 1261 3719 largitionis
1286 3644 1393 3719 super
1409 3616 1520 3690 altare
1541 3613 1675 3715 posuit.
1697 3615 1738 3721 Ι8.
1752 3611 1862 3688 VVil-

465 3736 563 3811 lelmi
583 3736 661 3810 lilii.
680 3739 863 3838 Hugnuis,
879 3738 1047 3813 avunculi
1066 3738 1247 3812 Gausfridi
1268 3742 1360 3812 coci.
1382 3769 1400 3806 u
1506 3838 1509 3843 .

923 3970 1289 4063 CAPITULUM
1322 3971 1408 4061 IX.

974 4169 1145 4231 nereum
1161 4169 1356 4230 nutem.

516 4383 534 4420 a
547 4353 589 4423 lu
608 4351 758 4424 nomine
775 4367 908 4424 sanctae
924 4364 960 4423 et
973 4348 1167 4424 individuae
1183 4349 1389 4422 Trinitatis.
1404 4348 1483 4448 Ego
1499 4343 1733 4432 Eustachius,
1751 4344 1861 4417 abbas

466 4471 628 4548 coenobii
645 4473 758 4547 sancti
775 4473 872 4547 Petri
888 4472 1136 4561 Carnutensis,
1157 4498 1240 4545 cum
1256 4469 1428 4547 omuibus
1445 4467 1619 4542 fratribus
1638 4465 1770 4541 ibidem
1782 4465 1860 4541 Deo

465 4595 731 4686 militantibus,
747 4613 877 4672 uotum
895 4622 967 4670 esse
980 4596 1148 4672 volumus
1159 4576 1330 4670 omnibus
1346 4589 1524 4717 ortgdoxe
1536 4590 1618 4666 fidei
1636 4588 1858 4678 cultoribus,

466 4719 724 4823 quodquidam
740 4718 861 4806 miles,
880 4715 1306 4808 nomineGuinebertus,
1327 4708 1590 4792 fraterscilicet
1606 4713 1777 4815 Sulpicii,
1796 4713 1861 4812 qui

511 4917 706 4989 'Extiliolus,
724 4916 822 4988 stilio,
837 4915 993 4990 Stelicues,
1008 4915 1093 4976 hodie
1108 4917 1151 4976 les
1161 4901 1306 4975 Eu'lleuc.
