4462 6120
417 716 485 786 128
935 713 1283 792 MONASTERIUM

412 861 568 936 aecclesia
585 862 709 937 eadem
720 878 793 954 est,
814 889 960 940 necnon
978 883 1015 939 et
1029 863 1268 942 obtimatibus
1285 865 1419 938 nostris
1433 864 1495 964 qui
1511 863 1701 939 nobiscum
1716 892 1810 964 prar-

412 1000 528 1058 sentes
541 985 688 1058 aderant
696 1040 707 1076 ,
723 985 875 1087 dignum
888 986 1074 1078 duximus,
1088 1016 1156 1087 pro
1170 1003 1295 1063 nostra
1309 988 1422 1060 salute
1435 1002 1473 1060 et
1486 989 1694 1088 integritate
1706 991 1811 1089 regni

413 1109 549 1198 nostri,
568 1134 749 1182 assensum
766 1109 929 1209 praebere
947 1112 1144 1186 intentioni
1164 1138 1252 1184 suae.
1271 1112 1408 1182 Damus
1424 1113 1544 1211 itaque
1556 1112 1587 1184 ei
1604 1112 1808 1199 licentiam,

412 1245 455 1300 nt
472 1245 509 1302 01
525 1248 762 1307 memoratam
779 1232 994 1323 aecclesiam,
1016 1258 1058 1306 ex
1077 1248 1206 1308 nostro
1223 1229 1402 1306 beneficio
1416 1231 1516 1334 quod
1532 1232 1713 1332 possidet,
1731 1259 1812 1304 am-

412 1351 568 1450 plificet3
588 1369 626 1427 et
641 1353 815 1454 quicquid
833 1355 865 1426 ei
883 1354 1050 1428 conferre
1073 1369 1110 1427 01
1130 1372 1295 1428 'annuere
1316 1353 1493 1443 voluerit,
1522 1355 1570 1425 ita
1588 1356 1636 1427 sit
1654 1352 1812 1428 liberum

412 1491 519 1575 atque
545 1474 590 1548 ab
614 1477 715 1551 omni
737 1475 925 1575 judiciaria
951 1491 1129 1576 potestate
1156 1476 1316 1551 solutum
1325 1504 1336 1564 3
1369 1491 1409 1546 ut
1436 1474 1531 1548 idem
1553 1475 1668 1548 fidelis
1686 1491 1812 1550 noster

413 1597 602 1686 Albertus,
629 1615 774 1671 actenus
799 1599 948 1674 anobis
972 1601 1090 1673 tenuit
1113 1599 1271 1672 liberum
1297 1613 1405 1700 atque
1429 1598 1612 1688 solutum,
1641 1598 1813 1698 quatinus

413 1720 582 1795 monachi
607 1720 742 1794 ibidem
766 1724 842 1796 Deo
871 1721 1107 1810 famulantes,
1136 1724 1213 1795 sine
1237 1722 1311 1794 ulla
1341 1719 1593 1821 inquietudine
1621 1719 1813 1820 cujuslibet

413 1843 579 1918 secularis
609 1841 767 1916 hominis
778 1897 789 1934 ,
828 1859 953 1918 noctes
982 1843 1128 1945 diesque
1158 1842 1387 1919 orationibus
1422 1845 1627 1917 insistentes
1661 1842 1814 1943 aliisque

413 1964 519 2039 bonis
534 1963 705 2066 operibus
728 1982 936 2058 vaccantes,
955 1969 1114 2068 quietam
1133 1983 1241 2068 agant
1261 1969 1386 2040 vitam.
1413 1966 1552 2038 Placuit
1569 1992 1657 2065 ergo
1674 1965 1813 2039 sereni·-

414 2088 479 2159 tati
498 2104 634 2163 11011110
641 2142 652 2177 ,
671 2091 886 2163 auctoritate
904 2090 1021 2190 regia,
1045 2090 1262 2163 interdicere
1284 2116 1330 2162 ne
1349 2089 1431 2191 quis
1446 2115 1619 2189 umquam
1626 2142 1638 2178 ,
1656 2115 1722 2188 per
1733 2114 1814 2161 snc-

415 2208 575 2284 oedentia
601 2227 782 2311 tempora,
811 2210 896 2285 huic
920 2229 1057 2285 nostrae
1082 2211 1344 2289 munificentiae
1370 2212 1472 2310 operi
1501 2209 1600 2311 quod
1627 2208 1812 2299 cudimus,

414 2332 532 2434 aliqua
547 2334 770 2425 temeritate,
789 2349 984 2432 praesumat
999 2334 1202 2423 contraire;
1221 2358 1339 2436 neque
1352 2330 1397 2405 de
1409 2326 1517 2406 rebus
1530 2359 1617 2432 quas
1625 2335 1700 2438 jam
1716 2330 1819 2407 dedit

415 2455 472 2527 vel
488 2453 637 2528 daturus
655 2471 708 2530 est
725 2457 888 2556 praefatae
905 2456 1075 2530 aecclesiae
1092 2456 1207 2530 fidelis
1223 2473 1348 2531 noster
1365 2454 1538 2553 Albertus
1547 2509 1559 2546 ,
1578 2455 1651 2527 sive
1669 2454 1727 2526 alii
1744 2453 1818 2528 ho-

416 2578 551 2668 mines,
579 2581 709 2653 necin
732 2606 865 2680 magno
890 2607 958 2653 nec
989 2583 1028 2653 in
1053 2606 1165 2680 parvo
1192 2579 1359 2652 minuere
1381 2577 1509 2650 audeat
1521 2606 1533 2668 ς
1563 2602 1681 2681 neque
1712 2575 1818 2675 hujus

414 2701 584 2774 aeeclesiae
614 2700 780 2777 homines
805 2703 970 2778 corvedis
994 2721 1157 2803 premat3
1188 2729 1306 2804 neque
1328 2702 1473 2793 banno,
1502 2726 1619 2800 neque
1645 2699 1814 2788 teloneo,

415 2849 532 2925 neque
556 2827 709 2914 vicaria,
739 2853 858 2927 neque
883 2828 1070 2901 exactione
1096 2824 1277 2928 qualibet,
1298 2841 1442 2925 gravet,
1470 2840 1533 2895 aut
1549 2822 1719 2896 sollicitet
1727 2851 1738 2909 3
1760 2838 1816 2894 set

414 2945 519 3020 liberi
543 2946 587 3019 ab
609 2950 710 3024 omni
740 2948 1002 3023 consuetudine
1027 2949 1244 3021 secularium
1260 2946 1475 3035 hominum,
1503 2945 1618 3018 securi
1643 2970 1683 3016 ac
1708 2941 1815 3016 liberi

414 3068 620 3145 inhabitent
635 3087 673 3145 et
685 3070 872 3146 monachis
889 3071 1050 3172 praefatae
1067 3071 1236 3145 aecclesiae
1253 3071 1431 3157 serviant,
1451 3085 1488 3142 et
1505 3093 1567 3142 sua
1584 3065 1706 3139 debita
1730 3091 1818 3166 per-

385 3187 388 3191 ’
413 3191 567 3266 solvant.
595 3193 701 3286 Quod
724 3196 751 3267 si
771 3197 852 3295 quis
871 3211 1104 3295 presumptor
1130 3209 1192 3267 aut
1218 3196 1365 3267 insanus
1384 3207 1512 3267 contra
1534 3188 1626 3261 hanc
1653 3190 1815 3262 auctori-

414 3332 526 3390 tatem
550 3332 714 3390 nostram
742 3333 879 3390 temere
906 3321 1100 3419 quicquam
1126 3344 1231 3418 agere
1257 3318 1515 3416 presumserit,
1550 3311 1816 3415 quinquaginta

412 3435 523 3510 libras
539 3439 720 3539 persolvat
731 3439 831 3528 auri,
851 3453 889 3512 et
904 3442 980 3538 ejus
994 3439 1156 3512 inefficax
1168 3455 1352 3512 remaneat
1368 3453 1531 3513 conatus.
1552 3434 1691 3507 Placuit
1707 3435 1818 3506 etiam

412 3576 550 3634 nostrae
575 3561 700 3661 pietati
728 3559 813 3633 huic
836 3562 938 3661 operi
964 3560 1092 3635 addere
1116 3578 1225 3663 atque
1249 3579 1385 3634 cartam
1411 3557 1658 3645 subscribere,
1687 3556 1820 3630 factam

409 3683 571 3781 jussione
587 3682 701 3756 fidelis
722 3685 838 3758 nostri
857 3682 1021 3775 Alberti,
1040 3684 1084 3757 de
1106 3685 1216 3758 rebus
1240 3713 1328 3787 quas
1353 3687 1427 3784 ipse
1447 3687 1522 3783 jam
1544 3678 1644 3754 dedit
1666 3679 1817 3779 prefatas

414 3805 583 3878 aecclesiae
600 3822 636 3878 et
659 3831 747 3908 quas
769 3822 852 3905 post
877 3824 1034 3880 mortem
1058 3811 1222 3909 eorporis
1245 3809 1454 3908 relinquere
1470 3805 1650 3895 decrevit,
1671 3826 1818 3877 necnon

414 3943 451 4000 et
467 3943 583 4001 cetera
600 3927 695 4002 dona
719 3956 802 4029 quae
821 3956 886 4005 suo
904 3956 1048 4003 assensu
1064 3928 1186 4004 fideles
1203 3936 1277 4030 ejus
1298 3930 1418 4029 largiti
1442 3943 1549 4016 sunt,
1570 3942 1633 4015 ut,
1662 3926 1700 3996 in
1722 3922 1819 3996 calce

414 4051 525 4150 ipsius
538 4067 666 4126 nostro
681 4053 832 4126 nomine
845 4052 1129 4153 nominibusque
1144 4053 1342 4152 primatum
1357 4067 1570 4126 nostrorum
1585 4064 1693 4148 atque
1706 4045 1818 4146 regiae

412 4171 598 4271 dignitatis
609 4173 728 4273 sigillo
740 4171 991 4264 corroborata,
1007 4190 1084 4246 rata
1094 4189 1131 4247 et
1143 4173 1314 4247 inviolata
1326 4175 1364 4245 in
1376 4188 1557 4246 aeternum
1565 4183 1815 4270 permaneant.

466 4292 550 4367 «Ad
562 4321 728 4370 occasum
743 4310 872 4367 cuncta
888 4297 1030 4368 ruitura
1043 4294 1235 4385 secularia,
1253 4311 1290 4368 et
1303 4322 1323 4367 e
1337 4295 1523 4368 contrario
1538 4293 1697 4365 coelestia
1711 4305 1818 4362 aeter·

414 4416 546 4490 naliter
562 4444 750 4509 mansura,
768 4416 980 4490 divinorum
1003 4417 1235 4491 voluminum
1261 4432 1413 4489 testatur
1437 4417 1631 4515 scriptura.
1659 4410 1818 4510 Precipit

413 4565 500 4640 ergo
513 4538 694 4632 fidelibus,
707 4539 840 4612 Christi
851 4566 982 4615 cruore
995 4539 1205 4640 redemptis,
1215 4557 1270 4629 ut,
1284 4537 1402 4614 dando
1416 4539 1559 4626 viliora,
1574 4536 1819 4635 adipiscantur

414 4660 609 4737 nobiliora.
623 4661 728 4735 Unde
740 4687 807 4761 ego
819 4659 1007 4758 Albanus,
1021 4660 1238 4735 nobilissimi
1251 4660 1393 4734 Ribaldi
1406 4660 1517 4749 filius,
1531 4660 1678 4760 cupiens
1691 4654 1821 4729 coeles·

414 4784 507 4855 tium
527 4786 677 4858 naccisci
700 4786 950 4875 consortium,
979 4785 1123 4858 favente
1148 4813 1228 4858 mea
1255 4785 1433 4858 carissima
1456 4786 1629 4883 conjuge,
1654 4777 1817 4852 Adelaisa

412 4908 586 5000 nomine,
608 4934 677 5010 pro
696 4908 884 4982 animabus
904 4910 1041 4983 nostris
1056 4925 1321 5010 parentumque
1345 4923 1583 4997 nostrorum,
1603 4903 1758 4984 liberam
1773 4898 1819 4973 ab
