4462 6120
364 721 431 790 100
881 709 1225 785 MONASTERIUM

360 892 443 936 cum
460 877 674 937 remaneret.
699 861 747 933 Et
771 876 811 932 ut
836 857 912 931 baec
928 859 1062 932 noticia
1081 873 1288 958 permaneat
1311 857 1435 944 firma,
1459 872 1583 931 nostra
1604 852 1756 928 nomina

361 986 614 1085 assignavimus
630 997 666 1056 et
683 981 825 1056 comitis
843 979 998 1066 Odonis,
1024 1006 1223 1080 eorumque
1242 979 1303 1080 qui
1324 978 1409 1052 huic
1428 978 1580 1078 negocio
1599 973 1757 1048 maxime

362 1105 608 1177 interfuerunt
635 1103 783 1177 nomina
809 1098 1096 1174 subnotavimus.
1127 1103 1164 1173 S.
1193 1097 1360 1173 Fulberti
1389 1100 1561 1199 episcopi.
1595 1098 1627 1168 S.
1654 1092 1757 1168 Odo-

361 1231 418 1300 nis
447 1228 602 1302 comitis.
632 1227 666 1299 S.
692 1223 897 1324 Magenardi
925 1222 1078 1295 abbatis.
1107 1225 1144 1296 S.
1171 1221 1332 1294 Durandi
1360 1221 1499 1295 decani.
1528 1226 1565 1293 S.
1594 1216 1753 1291 Arnulfi.

361 1350 397 1422 S.
431 1350 622 1422 Marcuini.
656 1350 693 1420 S.
723 1346 895 1420 llicberii.
926 1346 962 1418 S.
991 1347 1205 1446 Beringerii.
1236 1346 1273 1417 S.
1298 1343 1505 1418 VValdrici.
1538 1343 1575 1414 S.
1602 1336 1754 1413 letaldi.

362 1472 397 1542 S.
418 1470 659 1569 Cristopbori.
683 1471 720 1542 S.
745 1467 951 1541 Gaurberti.
978 1469 1015 1540 S.
1038 1466 1266 1542 Guinefredi.
1286 1468 1323 1540 S.
1344 1466 1503 1540 Otberti.
1523 1466 1560 1537 S.
1583 1462 1754 1536 Huberti.

362 1592 398 1664 S.
415 1592 583 1665 Huberti.
605 1592 642 1663 S.
664 1590 860 1678 Rodberti,
881 1607 918 1661 et
934 1607 1153 1663 ceterorum.
1173 1621 1192 1660 u

410 1715 496 1787 Post
518 1731 677 1787 mortem
699 1711 848 1814 quidem
866 1711 1027 1785 Gradulfs
1043 1729 1080 1786 ct
1102 1715 1227 1788 uxoris
1251 1717 1326 1812 ejus
1342 1711 1449 1799 odae,
1474 1708 1518 1783 de
1541 1705 1756 1808 supradictis

363 1834 469 1907 terris
485 1835 598 1907 multa
616 1834 708 1908 mala
729 1834 883 1935 perpessi
908 1849 992 1906 sunt
1017 1833 1183 1909 monachi
1205 1862 1224 1906 a
1247 1831 1459 1935 parentibus
1474 1830 1754 1931 praedictorum,

360 1956 567 2030 dicentibus
577 1960 661 2055 jure
677 1953 745 2028 sibi
763 1972 971 2055 competere
985 1954 1086 2055 quod
1104 1973 1272 2057 parentes
1289 1982 1417 2031 eorum
1433 1970 1518 2027 ante
1534 1980 1571 2026 se
1587 1952 1655 2025 visi
1671 1966 1760 2024 sunt

365 2096 501 2151 tenere.
527 2077 631 2152 Unde
658 2073 826 2151 monachi
838 2130 850 2164 ,
880 2075 1062 2149 infinitam
1087 2078 1299 2176 peccuniam
1323 2077 1466 2166 dantes,
1492 2072 1759 2163 tandem,1)cc

362 2198 584 2298 opitulante,
607 2200 643 2271 in
662 2199 734 2271 suis
751 2195 875 2269 usibus
893 2213 1129 2272 retorserunt.

802 2457 1154 2548 CAPITULUM
1188 2461 1312 2548 VIII.

924 2707 968 2765 De
981 2708 1087 2788 Agneis
1102 2708 1190 2767 Villa.

409 2936 461 3006 Dc
478 2933 612 3034 Agneis
628 2935 722 3009 Villa
740 2935 896 3023 litteras,
920 2950 1040 3034 preter
1057 2934 1296 3034 subscriptas,
1321 2937 1361 3006 in
1378 2936 1522 3008 scriniis
1544 2933 1677 3007 nostris
1698 2935 1760 3006 in-

363 3056 485 3128 venire
500 3083 574 3131 ison
588 3059 693 3156 potui
711 3089 719 3129 :
734 3057 830 3131 unde
839 3112 850 3146 ,
868 3076 910 3130 ut
922 3060 1096 3156 conjicio,
1114 3058 1193 3130 aliae
1207 3057 1359 3130 minime
1371 3055 1479 3129 factm
1493 3055 1665 3144 fuerunt3
1685 3071 1759 3144 set,

362 3204 428 3276 per
451 3175 532 3267 has,
556 3179 607 3251 illi
633 3179 766 3280 quibus
792 3198 887 3252 terra
912 3179 1131 3252 excambiata
1156 3179 1270 3251 suita
1296 3180 1429 3255 comite
1452 3177 1596 3267 Odone,
1620 3177 1762 3253 donum

363 3300 494 3375 Sancto
506 3302 615 3375 Petro
628 3318 666 3374 et
676 3299 864 3375 monacbis
880 3301 1065 3389 fecerunt,
1085 3303 1176 3374 etin
1193 3303 1403 3376 testimonio
1419 3319 1526 3375 terrae
1538 3299 1631 3373 datae
1646 3325 1760 3401 usque

363 3423 401 3493 in
418 3439 635 3521 praesentem
649 3423 747 3496 diem
764 3440 849 3495 sunt
865 3438 1024 3497 servatae.
1041 3425 1190 3495 Litterae
1207 3440 1329 3496 autem
1346 3421 1452 3521 bujus
1468 3421 1567 3495 modi
1583 3437 1671 3495 sunt
1688 3452 1697 3493 ι

412 3574 430 3614 u
449 3546 493 3617 ln
513 3546 664 3619 nomine
686 3560 818 3617 sanctae
839 3561 877 3616 et
897 3542 1093 3617 individuae
1119 3545 1324 3617 Trinitatis.
1353 3542 1452 3633 Odo,
1479 3545 1761 3618 carnotensium

363 3691 495 3740 comes.
520 3665 661 3739 Notum
688 3692 842 3768 namque
864 3668 1033 3743 volumus
1055 3692 1130 3740 esse
1153 3664 1326 3742 omnibus
1352 3683 1485 3740 sanctae
1510 3667 1576 3740 Dei
1601 3666 1762 3741 aecelesic

363 3785 547 3875 fidelibus,
567 3788 773 3889 nostrisque
793 3787 1076 3877 successoribus,
1099 3787 1343 3888 praesentibus
1362 3802 1473 3889 atque
1492 3786 1650 3876 futuris,
1674 3787 1761 3889 quia

362 3905 509 4008 quidam
537 3909 708 3999 clericus,
739 3908 918 3985 vocabulo
943 3909 1164 3998 bedbertus,
1190 3936 1275 3983 cum
1303 3908 1418 3984 fratrc
1444 3936 1511 3985 suo
1540 3907 1757 3999 linitum,

363 4047 526 4104 nostram
538 4048 623 4105 ante
632 4032 862 4133 praesentiam
879 4032 1089 4132 postulavit,
1104 4047 1147 4104 ut
1159 4031 1229 4105 illis
1240 4030 1423 4132 quendam
1433 4028 1595 4120 alodum,
1611 4057 1680 4132 pro
1696 4056 1762 4105 sut

363 4149 559 4227 hereditate
570 4179 681 4255 quam
692 4151 875 4229 habebant
892 4154 928 4229 in
945 4180 1038 4255 pago
1055 4152 1251 4242 Senonico,
1269 4153 1588 4244 concambiassem,
1607 4152 1760 4227 firmita-

364 4288 510 4375 temque
532 4274 740 4349 litterarum
762 4275 829 4348 sibi
855 4274 1087 4352 corroborari
1107 4274 1283 4350 fecissem.
1311 4272 1420 4370 Quod
1440 4275 1590 4377 quidem
1612 4290 1648 4349 et
1671 4274 1761 4349 feci.-

362 4395 429 4469 Est
453 4411 576 4469 autem
598 4397 772 4498 praefatus
796 4397 922 4473 alodus
948 4398 987 4471 in
1014 4424 1108 4498 pago
1130 4398 1316 4488 Dunenai,
1339 4398 1380 4471 in
1404 4397 1489 4471 loco
1515 4398 1579 4498 qui
1605 4412 1764 4483 vocatur,

362 4516 496 4619 Agneis
512 4516 629 4607 Villa,
649 4534 687 4593 et
703 4518 889 4619 pertinent
909 4518 953 4591 ad
972 4521 1091 4619 ipsum
1107 4516 1190 4593 duae
1209 4516 1326 4595 olcbae
1350 4542 1436 4591 cum
1455 4535 1587 4618 putc03
1612 4517 1759 4622 alioque

364 4640 401 4713 in
417 4640 500 4716 loco
518 4640 633 4741 campi
650 4638 745 4731 duo,
763 4638 808 4715 dc
827 4657 922 4715 terra
940 4639 1067 4716 arabili
1084 4640 1273 4743 agripenni
1291 4639 1385 4731 du0;
1405 4641 1501 4715 etin
1519 4640 1635 4715 tercio
1650 4640 1756 4729 loco,

362 4762 405 4834 ad
422 4777 573 4861 puteum
590 4759 772 4853 sichardi,
790 4764 1033 4865 agripennum
1050 4788 1186 4858 unum;
1206 4762 1244 4836 in
1260 4779 1395 4865 quarto
1410 4760 1508 4854 loco,
1525 4763 1588 4864 qui
1608 4776 1760 4837 vocatur

360 4880 526 4973 Budelea,
540 4883 781 4985 agripennum
792 4910 921 4960 uuum.
934 4887 1169 4961 Terminatur
1180 4885 1350 4987 praelatus
1361 4883 1489 4961 alodus
1499 4912 1542 4961 ex
1554 4910 1626 4959 una
1637 4899 1754 4986 parte,
