4462 6120
648 741 687 814 S.
711 739 853 815 PETRl
879 736 1218 812 CARNOTENSIS.
1561 730 1629 804 toa

239 887 460 986 temporanei
485 870 638 961 Arelilsti
658 888 740 962 illos
763 903 836 961 tres
855 886 988 959 milites
1009 911 1104 987 quos
1125 884 1214 956 dicit
1241 907 1314 956 esse
1337 881 1380 954 ad
1404 877 1633 1003 serviepdum

239 1008 344 1083 nobis
360 1012 398 1082 in
411 1010 503 1081 llam
516 1010 633 1103 Villa,
647 1037 715 1084 nee
729 1007 921 1083 habuimus
934 1034 1001 1081 nec
1016 1009 1185 1080 novimus
1193 1059 1205 1095 ,
1222 1021 1483 1105 praetersunum
1493 998 1612 1076 eblum
1619 1056 1630 1089 ,

236 1133 436 1232 llogerium
453 1133 621 1221 nomine,
639 1134 723 1233 qui,
742 1148 785 1204 ut
798 1158 897 1218 reor,
917 1146 1054 1229 septem
1070 1127 1193 1200 achras
1210 1144 1318 1201 terrae
1338 1129 1377 1199 in
1394 1123 1574 1199 beneficio
1590 1148 1632 1196 ex

236 1253 424 1328 monachis
437 1254 607 1353 possidet.
622 1253 809 1328 Boselinu's
821 1279 969 1355 quoque
983 1278 1095 1351 nepos
1105 1254 1202 1350 ejus,
1214 1256 1324 1351 quem
1336 1248 1429 1323 hene
1443 1247 1633 1337 novimus,

239 1378 278 1447 in
295 1378 428 1477 Tangis
447 1377 561 1467 Villa,
582 1375 651 1452 hoc
668 1374 767 1477 quod
785 1403 803 1446 a
822 1374 929 1450 nobis
953 1391 1075 1448 tenere
1099 1371 1291 1446 videbatur
1312 1388 1387 1443 eta
1414 1385 1545 1470 patruo
1568 1393 1634 1441 suo

237 1497 362 1569 datum
376 1498 496 1571 fuerat
505 1553 515 1587 ,
536 1499 735 1573 latrociniis
750 1515 787 1572 et
800 1498 878 1570 aliis
893 1497 1066 1598 nequitiis
1080 1497 1128 1567 ita
1145 1493 1219 1567 fuit
1234 1490 1437 1581 obnoxius,
1456 1509 1498 1565 ut
1513 1507 1633 1566 totum

238 1619 328 1691 illud
346 1619 565 1693 beneficium
583 1619 691 1693 nobis
706 1620 929 1721 relinqueret
946 1635 983 1691 et
1000 1620 1037 1690 in
1055 1615 1214 1717 quodam
1231 1631 1355 1704 croto,
1371 1617 1475 1713 juxta
1490 1612 1634 1723 peribo

238 1740 314 1814 lum
333 1742 433 1843 quod
449 1741 630 1816 edificavit
645 1741 860 1816 venerabilis
877 1739 1074 1825 Landricus
1090 1739 1200 1812 abbas
1220 1739 1258 1812 in
1275 1738 1432 1811 circuitu
1450 1734 1632 1823 coenobii,

239 1866 441 1939 cumomni
464 1862 574 1940 domo
595 1891 675 1953 sua,
700 1862 961 1939 monachorum
981 1860 1183 1962 prebenda,
1204 1868 1280 1936 non
1297 1885 1410 1960 parvo
1427 1859 1519 1931 vixit
1541 1875 1635 1932 tem·

237 2013 340 2084 pore.

287 2236 468 2307 Rursum'
497 2260 644 2337 quoque
671 2233 757 2307 duxi
784 2229 936 2334 dignum
966 2232 1153 2306 memoriae
1177 2229 1392 2305 tradendum
1415 2228 1460 2303 de
1482 2229 1633 2330 praesato

126 2447 132 2465 ι
237 2356 339 2443 viro,
370 2357 506 2430 scilicet
529 2356 720 2445 Arelasto,
747 2358 934 2457 quomodo
971 2356 1007 2427 in
1046 2354 1237 2428 Aureliana
1273 2351 1387 2441 urhe,
1419 2353 1540 2425 divina
1565 2378 1635 2452 ope

238 2479 365 2580 suique
389 2480 526 2578 ingenii
553 2477 687 2551 salubri
710 2479 895 2565 acumine,
920 2475 1113 2550 hereticam
1136 2477 1350 2576 pravitatem
1371 2475 1526 2548 latenter
1547 2473 1634 2574 pul·

239 2599 432 2689 lulantem,
467 2605 684 2702 jamjamque
724 2625 790 2699 per
827 2599 1025 2674 Galliarum
1054 2598 1259 2697 provincias
1292 2595 1439 2670 nefandi
1476 2594 1635 2671 herroris

237 2745 374 2806 venena
397 2723 552 2796 exitialia
573 2722 852 2822 propinantem,
880 2747 955 2794 non
985 2720 1103 2793 solum
1127 2717 1426 2818 deprehenderit,
1451 2734 1505 2791 set
1526 2719 1635 2791 etiarn

239 2845 393 2917 omnino
409 2847 675 2945 compresserit.
695 2848 783 2917 Erat
799 2846 899 2918 enim
913 2843 958 2916 de
972 2868 1103 2943 genere
1120 2843 1299 2916 comitum
1313 2841 1614 2917 Normannorum
1623 2884 1634 2927 ,

238 2965 393 3065 eloquia,
415 2966 577 3055 nitidus,
616 2966 768 3039 consilio
798 2964 996 3065 providus,
1032 2963 1140 3037 bonis
1174 2963 1338 3038 moribus
1376 2978 1543 3064 comptus
1557 2944 1636 3052 ,hac

227 3088 371 3195 'iccirco
400 3088 589 3189 legationis
615 3087 762 3176 offici0,
790 3105 864 3161 tam
895 3096 982 3186 aput
1011 3089 1236 3160 Francorum
1264 3113 1388 3186 regem
1413 3113 1523 3188 quam
1548 3103 1637 3185 aput

209 3188 405 3308 'proceres
417 3266 427 3300 ,
454 3213 663 3286 notissimus
685 3213 819 3287 extitit.
862 3212 930 3283 llic
959 3213 998 3283 in
1023 3209 1133 3285 domo
1162 3236 1224 3283 sua
1255 3208 1433 3309 quendam
1463 3208 1637 3282 clericum

239 3332 404 3408 habuisse
428 3335 581 3424 dicitur,
607 3337 756 3409 nomine
778 3334 997 3434 Herbertum
1009 3387 1019 3421 ,
1045 3336 1136 3435 qui,
1163 3333 1329 3412 lectionis
1351 3332 1490 3432 gratia,
1517 3329 1637 3404 Aure-
1683 3421 1687 3425 η

238 3455 372 3530 lianam
393 3455 524 3532 urbem
543 3459 641 3533 adire
662 3458 881 3533 decreverat.
906 3458 1044 3532 Verum
1068 3456 1156 3528 dum
1176 3457 1337 3530 veritatis
1360 3470 1524 3528 auctores
1545 3479 1639 3554 que-

239 3604 319 3651 rere
335 3597 532 3680 satageret,
562 3608 647 3656 ceco
663 3584 794 3666 itinere
819 3585 859 3654 in
884 3582 997 3654 totius
1021 3579 1153 3654 heresis
1169 3579 1320 3654 baratro
1331 3577 1518 3652 dilabitur.
1545 3575 1638 3649 Nam

240 3726 279 3772 ea
303 3717 513 3802 tempestate
537 3703 577 3775 in·
597 3702 720 3776 eadem
750 3704 895 3775 civitate
920 3701 994 3775 duo
1018 3703 1139 3776 clerici
1166 3701 1368 3801 Stephanus
1397 3717 1434 3775 et
1456 3699 1595 3774 Lisoius
1609 3708 1636 3787 ἔ,

239 3840 328 3922 aput
344 3848 470 3897 omnes
486 3825 659 3924 sapientia
677 3826 787 3914 clari,
815 3825 1004 3897 sanctitate
1028 3816 1069 3897 ac
1091 3824 1270 3925 religione
1286 3823 1490 3924 magnifici,
1507 3822 1640 3921 elemo-

240 3944 327 4016 sinis
343 3945 456 4046 largi,
479 3947 653 4045 opinione
678 3945 907 4020 habebantur
928 3946 1040 4046 vulgi.
1065 3946 1222 4022 Eosdem
1245 3962 1467 4019 memoratus
1490 3923 1640 4044 eirpetiit

241 4066 392 4140 clericus
409 4084 464 4156 et,
484 4096 597 4168 parvo
616 4071 790 4169 temporis
807 4070 1027 4159 intersticio,
1045 4067 1172 4144 docilis
1187 4066 1402 4167 discipulus,
1421 4093 1505 4138 cum
1523 4065 1636 4138 divini

240 4188 342 4261 verbi
368 4189 581 4281 dulcedine,
609 4191 655 4264 ab
688 4193 739 4266 eis
773 4189 960 4266 debriatur
994 4190 1187 4266 mortifero
1214 4191 1389 4291 nequitiae
1416 4207 1533 4261 austu.
1557 4188 1637 4283 ¹Qui

116 4395 117 4399 Ἰ
240 4309 420 4392 dementia
448 4328 485 4388 et
513 4311 663 4389 herrore
693 4313 875 4388 diabolico
907 4314 1094 4401 inretitus,
1124 4313 1237 4387 totius
1263 4311 1463 4383 divinitatis
1490 4335 1635 4409 expers,

241 4435 426 4532 sapientire
455 4459 574 4511 arcem
603 4434 850 4509 conscendisse
882 4462 918 4508 se
948 4434 1112 4508 credidit.
1150 4433 1221 4527 Qui
1252 4434 1405 4533 patriam
1439 4431 1635 4532 repedans,

241 4551 432 4630 dominum
454 4584 581 4649 suum,
599 4578 710 4660 quem
730 4559 903 4658 singulari
924 4558 1054 4631 affectu
1072 4556 1264 4657 diligebat,
1291 4556 1491 4630 subtilitate
1508 4552 1639 4628 verbo—

286 4780 295 4805 ¹
316 4770 405 4830 Deest
423 4771 483 4830 bac
507 4775 633 4834 narratio
649 4771 684 4834 de
706 4771 871 4832 manicheis
892 4773 921 4831 in
1001 4781 1013 4808 ’
1029 4771 1094 4841 Sive
1106 4772 1234 4843 Liscus,
1246 4792 1312 4830 cum
1323 4782 1475 4854 utramque
1485 4768 1639 4830 lectionem

243 4865 341 5021 cotllzice
365 4865 407 5021 Βὲ
429 4866 513 5022 guin
534 4884 576 4932 est
600 4872 630 4931 in
653 4870 772 4952 Seriptt.
798 4870 920 4943 Fraus„
961 4868 1231 4950 proferantlitterae.

243 4974 264 5021 t.
317 4984 369 5022 .o.
410 4965 426 5022 3
452 5011 457 5022 .
489 5004 491 5007 -
1241 4976 1264 5021 ο
1293 4983 1295 4986 ’
