4462 6120
748 724 786 796 S.
804 717 947 803 PETRI
972 718 1310 802 cauuot'uttsts.
1674 726 1722 802 85

332 873 500 947 facultate
511 869 733 974 praediorum
744 895 911 946 meorum
927 887 1085 945 sanctam
1103 873 1298 947 aecclesiam
1318 868 1429 945 michi
1448 871 1615 984 heredem
1636 873 1721 953 suh*-

332 1001 495 1086 stituerc,
512 997 608 1071 fideli
622 997 830 1113 devotione,
846 998 980 1071 Christi
994 999 1157 1136 propicia
1167 997 1370 1071 divinitate.
1383 996 1521 1071 Verum
1528 999 1618 1137 (pria
1629 981 1724 1111 beati

330 1121 457 1194 Petrus
471 1134 508 1193 et
519 1120 663 1207 Paulus,
679 1108 811 1195 merito
825 1119 952 1220 gloriae
963 1121 1124 1220 germani
1140 1122 1179 1192 in
1190 1146 1271 1194 arce
1283 1121 1494 1212 sanctitatis,
1510 1122 1580 1226 acsi
1594 1124 1723 1262 speciat-
1828 1211 1832 1219 Ι

331 1242 400 1314 lius
420 1241 600 1380 refulgere
614 1241 913 1344 splendidiusque
934 1269 1011 1343 prae
1035 1243 1161 1317 ceteris
1184 1241 1383 1353 creduntur
1404 1244 1622 1336 enitescere,
1638 1245 1724 1355 ipsis

329 1390 388 1438 me
401 1390 444 1439 ex
457 1365 579 1440 animo
593 1366 757 1440 commisi
770 1382 879 1466 atque
891 1363 959 1450 sub
970 1392 1098 1442 eorum
1111 1367 1340 1466 protectione
1351 1390 1411 1439 me
1423 1382 1544 1442 tetum
1557 1368 1720 1473 contuli,
1766 1377 1771 1390 ’

204 1539 206 1542 ψ
328 1488 411 1587 quia
424 1512 492 1561 neo
504 1487 658 1587 potioris
670 1488 862 1587 potentiae
860 1489 899 1560 in
913 1487 1109 1560 criminum
1122 1487 1366 1574 absolutione,
1383 1511 1525 1596 neque
1513 1467 1722 1565 clementio·

329 1609 379 1680 ris
403 1609 534 1681 animae
557 1608 600 1682 ad
628 1608 876 1708 placandum
868 1634 958 1683 tram
982 1608 1150 1684 divinae'
1135 1611 1288 1709 justitiae
1305 1611 1410 1710 potui
1429 1612 1605 1687 invenire.
1606 1587 1724 1707 Qua

328 1747 481 1830 propter
495 1758 564 1832 pro
586 1757 750 1807 meorum
772 1730 1023 1830 redemptione
1043 1732 1294 1830 peccaminum
1316 1757 1444 1805 ιιΒΒιιΒ
1453 1734 1643 1835 utriusque
1663 1758 1722 1835 pa·

328 1853 442 1924 rantis
461 1854 605 1954 requie,
622 1855 735 1953 patris
751 1853 887 1926 scilicet
900 1868 939 1927 et
955 1854 1099 1941 matris,
1123 1852 1271 1928 cedo-ad
1291 1853 1412 1927 locum
1433 1852 1722 1931 beatissimorum
1811 1883 1812 1887 ¹

328 1975 459 2046 summi
478 1976 587 2074 apicis
603 1974 853 2074 apostolorum
868 1977 965 2049 Petri
984 1992 1020 2048 et
1037 1975 1137 2081 Pauli
1156 1975 1387 2081 Carnutensis
1400 1976 1580 2065 coenobii,
1596 1978 1722 2052 ‘favore

328 2094 491 2172 adhibito
509 2115 614 2200 atque
632 2124 809 2172 consensu
821 2077 944 2171 fiatris
957 2078 1228 2193 uteiFulchcrii
1247 2098 1408 2173 fidelium
1420 2125 1568 2201 quoquo
1580 2116 1722 2177 nostro-

328 2247 429 2309 rum,
455 2220 638 2322 quandam
653 2223 885 2322 proprietatis
906 2249 996 2296 meae
1015 2223 1161 2311 villam,
1177 2223 1424 2296 *Pomerariam
1443 2223 1657 2312 vocitatam,
1683 2225 1721 2296 in
1779 2233 1780 2236 ’
1810 2259 1815 2269 ·

327 2370 419 2444 pago
437 2345 649 2419 Carnotensi
668 2348 792 2435 sitam,
815 2373 898 2419 cum
916 2349 1022 2420 terris
1039 2345 1234 2418 arabilibus
1251 2346 1357 2420 cultis
1379 2361 1417 2420 et
1437 2346 1604 2435 incultis,
1624 2347 1722 2420 silvis

327 2491 474 2568 quoque
486 2484 522 2539 et
534 2468 690 2566 pascuis,
707 2494 854 2543 omnem
867 2495 946 2543 rem
958 2496 1042 2570 quas
1056 2468 1192 2543 ibidem
1204 2494 1294 2542 meae
1306 2494 1380 2542 esse
1393 2467 1598 2566 dinoscitur
1606 2465 1723 2542 domi·

327 2590 507 2677 nationis,
521 2616 599 2664 rem
614 2584 741 2690 utique
750 2608 825 2664 tam
838 2592 1054 2693 exquisitam
1066 2618 1176 2691 quam
1190 2590 1450 2692 exquirendam
1462 2589 1507 2664 ad
1517 2588 1723 2690 undictam

326 2710 492 2799 alodum,
519 2713 656 2787 scilicet
677 2715 920 2792 Pomerariam
932 2768 943 2802 ,
974 2714 1207 2814 aspicientem
1230 2713 1286 2787 vel
1312 2715 1573 2814 pertinentem.
1599 2713 1720 2790 deo

325 2834 433 2905 etiam
446 2832 491 2906 nd
503 2834 695 2934 praefatum
709 2835 830 2910 locum
844 2838 882 2907 in
895 2836 1067 2910 Drocensi
1085 2837 1274 2911 territorio
1286 2860 1435 2911 omnem
1450 2837 1721 2932 remvportioni‘s

323 2931 415 3027 mcae
435 2957 472 3026 in
491 2958 607 3030 Levoz
620 2957 715 3031 Villa
731 2954 974 3057 quicquidibi
989 2956 1132 3028 videtur
1149 2979 1225 3024 inea
1242 2956 1419 3050 possessio
1433 2980 1509 3028 esse
1523 2956 1587 3030 seu
1598 2955 1722 3032 domi-

326 3079 445 3163 natio,
465 3104 503 3148 ea
517 3079 653 3146 scilicet
664 3077 806 3167 ratione
820 3088 881 3159 ut,
896 3071 941 3144 ab
956 3069 1129 3148 hodierna
1145 3073 1203 3146 die
1216 3091 1252 3147 et
1266 3072 1452 3174 deinceps,
1469 3076 1640 3151 monachi
1657 3079 1719 3180 qui

325 3198 364 3270 in
387 3195 563 3296 praedicto
591 3195 812 3271 monasterio
839 3195 915 3269 Deo
944 3195 1137 3267 servierint
1160 3194 1387 3293 praelibatam
1412 3212 1545 3270 terram
1574 3215 1721 3277 teneant

324 3335 432 3421 atque
448 3317 654 3457 possideant
668 3333 707 3393 et
721 3316 895 3420 quicquid
911 3343 956 3400 ex
971 3343 1011 3389 en
1028 3316 1147 3390 facere
1164 3318 1370 3392 voluerint
1362 3345 1400 3393 ιιι
1417 3320 1590 3394 οιιιιιίΒιιΒ
1604 3321 1719 3396 liber-

323 3444 473 3528 rimam,
488 3468 654 3542 propicio
667 3440 831 3529 Christo
848 3438 1003 3515 habeant
1014 3439 1235 3515 facultatem
1250 3442 1287 3514 St
1299 3468 1380 3542 quas
1390 3468 1478 3517 vero
1488 3451 1616 3519 eontra
1612 3443 1719 3519 hanc

323 3562 533 3637 donationis
561 3553 774 3637 cartulam
765 3588 953 3662 insurgere
974 3579 1037 3635 aut
1063 3563 1095 3634 ci
1126 3561 1343 3636 calumniam
1374 3563 1510 3641 inferre
1540 3567 1715 3669 voluerit,

323 3686 427 3786 regio
442 3683 582 3760 morbo
607 3710 813 3784 percussus,
840 3685 1022 3756 luminum
1051 3684 1201 3758 cecitate
1223 3683 1417 3777 multatus,
1441 3703 1479 3760 et
1496 3704 1718 3792 praesentem

323 3810 435 3882 vitam
446 3809 650 3883 miserrimo
662 3808 763 3881 exitu
776 3805 962 3880 celerrime
973 3804 1095 3894 finiat,
1110 3823 1147 3880 ct
1158 3808 1416 3904 sempiternam
1423 3807 1718 3914 dampnationem

325 3955 406 4000 cum
424 3927 560 4002 Zabulo
577 3925 720 4017 subeat,
738 3925 822 4014 ubi,
842 3929 957 4029 igneis
970 3929 1190 4017 constrictio
1207 3930 1359 4020 catenis,
1380 3932 1601 4009 eternaliter
1618 3936 1719 4035 inge-

323 4052 469 4138 miscat,
498 4051 628 4123 vermis
651 4077 798 4153 quoque
821 4077 1011 4152 nunquam
1034 4052 1194 4127 moriens
1215 4052 1329 4151 ipsius
1348 4078 1472 4127 carnes
1489 4054 1667 4131 conrodat
1682 4075 1718 4132 et

204 4205 207 4212 ²
324 4175 417 4272 ignis
430 4174 494 4274 qui
508 4174 623 4246 nescit
633 4175 796 4274 extingui
809 4173 986 4274 pabulum
996 4191 1034 4248 et
1045 4201 1120 4248 esca
1131 4173 1367 4272 perhenniter
1379 4179 1521 4251 existat.
1534 4179 1586 4252 Ut
1597 4196 1718 4277 autem

323 4288 429 4395 liujus
440 4294 648 4369 traditionis
658 4296 791 4369 noticia
802 4294 979 4396 perhenni
997 4297 1035 4368 in
1051 4294 1197 4370 Christo
1208 4295 1618 4402 nitaturanohora„pro
1629 4303 1717 4375 meis

323 4416 438 4516 culpis
451 4414 667 4490 redimendis
677 4443 791 4490 necne
803 4442 871 4516 pro
884 4418 995 4518 patris
1007 4417 1078 4491 mei
1093 4413 1295 4504 Fnlcherii,
1308 4443 1370 4524 seu
1383 4421 1509 4493 matris
1520 4446 1611 4525 meu
1622 4420 1718 4496 Ans-

323 4538 457 4628 trudis,
472 4539 529 4612 vel
546 4538 669 4610 fratris
686 4539 754 4611 mci
771 4538 933 4626 Rodulfi,
947 4542 1023 4636 jam
1040 4538 1319 4629 defunctorum,
1336 4543 1479 4641 requie,
1496 4542 1718 4644 proquefra-

323 4663 399 4734 tris·
416 4663 486 4734 mci
514 4659 696 4735 Fnlcherii
723 4661 971 4734 incolumitate
1001 4679 1037 4735 et
1065 4679 1200 4735 aeterna
1228 4665 1538 4752 remuneratione,
1569 4667 1716 4765 propria
1763 4651 1777 4677 ⁹

323 4809 434 4856 manu
448 4809 525 4857 eam
542 4783 776 4884 substipulavi
795 4783 1022 4885 aliorumque
1039 4785 1204 4859 virorum
1221 4785 1401 4858 nobilium
1415 4780 1637 4859 manibus‘a‘c
1648 4813 1710 4860 no
1760 4794 1762 4798 ”

233 4964 236 4967 a
323 4906 520 4980 taminibus
537 4905 842 4981 corroborandam
858 4906 991 4981 obtuli.
1006 4907 1159 5007 Signum
1173 4905 1309 4982 Odonis
1325 4909 1599 4982 Carnotensium
1616 4935 1716 5010 prue-
