4462 6120
419 698 495 797 uuj
912 683 1304 773 rnunacouuuns.

417 866 560 927 auteur
586 845 640 927 du
671 848 808 927 ehoeur
832 853 1094 931 contiennent
1116 848 1450 959 cinquantedeux
1471 849 1617 930 formes
1640 852 1690 931 de
1714 854 1809 962 cinq

418 969 530 1095 pieds
550 1005 590 1066 et
609 985 715 1066 demi
736 984 785 1066 de
805 988 918 1087 haut,
947 1008 986 1069 et
1004 990 1131 1098 larges
1152 989 1202 1069 de
1227 988 1328 1069 deux
1351 987 1462 1097 pieds
1483 1008 1622 1101 quatre
1643 990 1806 1097 pouee's,

416 1142 455 1204 et
475 1125 681 1205 au·dessus
699 1143 791 1205 sont
812 1155 919 1206 roses
940 1145 979 1208 et
1000 1130 1218 1237 remplages
1238 1127 1288 1208 de
1305 1129 1402 1209 trois
1423 1126 1536 1237 pieds
1556 1126 1606 1208 de
1627 1130 1806 1225 hauteur,

418 1264 452 1342 le
471 1283 559 1345 tout
575 1262 626 1343 de
640 1292 752 1344 verre
767 1265 884 1346 blanc
904 1268 1016 1374 peint
1032 1285 1072 1347 et
1092 1269 1233 1365 recuit‚
1255 1267 1362 1348 tracti
1387 1295 1437 1346 en
1460 1270 1806 1375 compartiments;

416 1421 455 1481 et
471 1404 526 1482 les
541 1404 758 1511 remplages
774 1420 864 1482 sont
885 1402 934 1483 de
953 1432 1065 1483 verre
1080 1406 1193 1512 peint
1208 1434 1257 1485 en
1274 1403 1375 1485 fond
1390 1403 1540 1503 d’azur,
1556 1435 1606 1485 en
1623 1403 1742 1485 fleurs
1757 1403 1807 1486 de

415 1543 462 1620 lis
495 1541 604 1640 d’0r;
630 1561 669 1621 et
690 1541 847 1622 lesdites
873 1544 993 1622 vitres
1020 1561 1092 1623 ont
1116 1543 1312 1624 bordures
1337 1543 1489 1641 damur,
1521 1542 1571 1623 de
1604 1542 1744 1651 gueule
1768 1560 1808 1622 et

415 1698 545 1760 autres
563 1682 755 1761 couleurs.

472 1854 490 1892 ι(
511 1821 585 1899 Les
615 1823 733 1900 vitres
764 1821 813 1901 de
846 1823 882 1900 la
920 1822 993 1901 nef
1017 1825 1276 1903 contiennent
1305 1820 1355 1903 de
1387 1823 1538 1931 chaque
1567 1821 1654 1900 edte
1679 1820 1806 1901 douae

415 1958 578 2057 formes,
600 1962 670 2069 qui
690 1977 764 2039 ont
781 1958 830 2038 de
848 1960 1017 2039 hauteur
1039 1959 1274 2070 vingt-deux
1292 1958 1407 2068 pieds
1425 1958 1476 2039 de
1497 1961 1578 2057 roi,
1599 1978 1639 2038 et
1659 1957 1708 2038 de
1726 1959 1804 2038 lar-

414 2123 509 2203 geur
534 2097 627 2205 cinq
655 2095 768 2204 pieds
793 2096 881 2176 huit
905 2124 1072 2202 pouces;
1107 2097 1310 2178 audessus
1337 2116 1396 2178 est
1420 2126 1498 2176 une
1522 2125 1611 2177 rose
1634 2095 1684 2176 de
1707 2098 1806 2176 trois

413 2232 525 2342 pieds
549 2233 599 2314 de
623 2235 802 2333 hauteur,
831 2262 923 2314 avec
945 2235 1000 2315 les
1021 2237 1251 2344 remplages.
1275 2240 1335 2316 De
1356 2235 1508 2346 chaque
1524 2235 1612 2316 cete
1635 2252 1728 2315 sont
1744 2237 1803 2314 six

413 2372 558 2453 formes
576 2372 624 2452 de
640 2402 753 2453 verre
768 2373 910 2481 figure,
925 2373 1200 2481 representant
1214 2375 1409 2482 plusieurs
1424 2373 1612 2481 mysteres
1627 2372 1677 2452 de
1692 2391 1806 2453 notre

414 2510 488 2609 foi,
509 2529 548 2590 et
569 2508 740 2592 diverses
762 2511 906 2621 ligures
923 2510 973 2591 de
1000 2515 1145 2612 saints,
1168 2529 1208 2591 et
1227 2509 1330 2590 dont
1348 2511 1544 2619 l’ouvrage
1569 2514 1699 2619 paralt
1717 2511 1806 2621 plus

414 2653 550 2730 ancien
566 2680 644 2762 que
659 2651 757 2731 celui
773 2650 828 2730 du
844 2653 1000 2749 choeur;
1017 2670 1069 2750 et,
1086 2679 1160 2761 par
1176 2651 1417 2759 conjecture,
1436 2650 1462 2728 il
1479 2649 1626 2730 semble
1640 2650 1736 2757 qu'il
1751 2653 1807 2728 ait

413 2792 514 2868 servi
531 2793 553 2867 a
571 2789 788 2869 l'ancienne
807 2790 937 2898 eglise.

471 2963 490 3000 «
505 2928 580 3007 Les
595 2932 660 3006 'six
681 2946 811 3007 autres
833 2927 979 3008 formes
1007 2927 1057 3008 de
1079 2929 1232 3037 chaque
1259 2926 1347 3006 edte‘
1367 2926 1417 3006 de
1438 2928 1473 3006 la
1502 2930 1574 3008 nel'
1588 2948 1680 3008 sont
1703 2930 1805 3008 aussi

413 3064 463 3145 de
478 3095 590 3145 verre
610 3066 753 3174 figure,
775 3069 887 3175 peint
909 3085 948 3146 et
964 3070 1105 3165 necuit,
1130 3068 1345 3147 seulement
1367 3095 1417 3145 au
1435 3067 1582 3146 milieu.
1600 3067 1805 3147 Toutefois

414 3222 553 3312 quatre
572 3203 719 3285 formes
737 3222 829 3284 sont
844 3203 895 3284 de
915 3233 1027 3284 verre
1046 3205 1183 3302 blanc,
1202 3204 1307 3283 traed
1329 3234 1378 3284 en
1403 3206 1745 3312 compartiments3
1767 3198 1807 3285 et

414 3373 461 3421 au
487 3344 619 3424 milieu
645 3342 862 3452 desquelles
887 3363 1028 3452 quatre
1054 3344 1201 3425 formes
1228 3362 1321 3423 sont
1350 3370 1558 3451 panneaux
1588 3343 1638 3423 de
1661 3346 1803 3445 vines,
1842 3394 1850 3405 ι

414 3487 499 3593 qui,
522 3483 662 3593 depuis
680 3485 716 3563 le
741 3484 810 3563 bas
827 3484 1008 3593 jusqu'en
1032 3485 1150 3582 haut,
1172 3484 1447 3592 representem
1468 3484 1663 3590 plusieurs
1682 3487 1805 3564 saints

414 3653 462 3702 en
484 3622 553 3703 des
578 3624 725 3702 niches.
749 3624 824 3703 Les
847 3622 950 3703 deux
976 3641 1107 3702 autres
1129 3620 1274 3701 formes
1296 3619 1346 3701 de
1366 3623 1518 3732 chaque
1538 3621 1626 3701 ecte
1645 3641 1737 3702 sont
1757 3621 1806 3702 de

414 3788 523 3840 verre
543 3758 592 3839 de
612 3761 772 3839 couleur
793 3759 928 3840 d'azur
951 3778 990 3841 et
1014 3758 1064 3840 de
1090 3760 1228 3868 gueule
1243 3788 1292 3838 en
1314 3783 1525 3857 carreaux;
1548 3777 1657 3839 etan
1673 3760 1806 3841 milieu

414 3918 507 3980 sont
525 3901 755 4008 penneltun,
783 3897 922 4007 depuis
944 3899 979 3978 le
1007 3898 1077 3978 bas
1097 3899 1279 4009 jusqu'au
1302 3898 1419 3996 haut,
1446 3901 1516 4009 qui
1533 3900 1806 4008 repre'sentent

414 4041 468 4120 les
490 4024 633 4149 ligures
651 4038 701 4119 de
721 4039 915 4149 plusieurs
936 4040 1060 4118 saints
1083 4066 1132 4118 en
1157 4034 1225 4116 des
1244 4036 1391 4115 niehes.
1413 4037 1521 4118 Tout
1544 4036 1580 4116 le
1597 4039 1736 4145 plomb
1756 4036 1805 4117 de

415 4195 543 4258 tontes
559 4179 614 4258 les
633 4180 752 4257 vitres
772 4194 832 4257 est
850 4205 900 4256 au
921 4175 1039 4255 rabot
1058 4173 1185 4255 dtame
1205 4201 1278 4282 par
1293 4169 1451 4252 dehors.

472 4317 728 4424 «L’ouvrage
756 4315 805 4396 de
830 4344 892 4396 ees
922 4316 1043 4395 vitrcs
1069 4313 1245 4394 embellit
1273 4314 1533 4391 entierement
1557 4310 1719 4419 l’eglise‚
1747 4306 1804 4410 et,

414 4452 549 4566 quand
565 4453 695 4534 l’abbe
715 4431 884 4534 litienne
903 4454 1071 4534 n’aurait
1088 4451 1159 4530 fait
1176 4450 1276 4530 faire
1291 4478 1369 4561 que
1391 4449 1471 4529 cela
1488 4475 1538 4526 en
1557 4446 1736 4557 l’abbaye
1755 4448 1806 4528 de

414 4595 661 4692 Saint-Pere,
682 4595 708 4672 il
728 4597 847 4674 serait
867 4592 988 4702 digne
1004 4591 1122 4674 d'une
1140 4589 1325 4671 eternelle
1341 4588 1577 4670 memoire.»
1601 4626 1603 4630 2
