<?xml version="1.0" encoding="UTF-8"?>
<!DOCTYPE html PUBLIC "-//W3C//DTD XHTML 1.0 Transitional//EN"
    "http://www.w3.org/TR/xhtml1/DTD/xhtml1-transitional.dtd">
<html xmlns="http://www.w3.org/1999/xhtml" xml:lang="en" lang="en">
 <head>
  <title>
</title>
<meta http-equiv="Content-Type" content="text/html;charset=utf-8" />
  <meta name='ocr-system' content='tesseract 3.04.00' />
  <meta name='ocr-capabilities' content='ocr_page ocr_carea ocr_par ocr_line ocrx_word'/>
</head>
<body>
  <div class='ocr_page' id='page_1' title='image "./cartulairedelab00abbegoog_0600.png"; bbox 0 0 4462 6120; ppageno 0'>
   <div class='ocr_carea' id='block_1_1' title="bbox 454 696 1330 773">
    <p class='ocr_par' dir='ltr' id='par_1_1' title="bbox 454 696 1330 773">
     <span class='ocr_line' id='line_1_1' title="bbox 454 696 1330 773; baseline 0.001 -3"><span class='ocrx_word' id='word_1_1' title='bbox 454 703 524 770; x_wconf 75' lang='lat'>216</span> <span class='ocrx_word' id='word_1_2' title='bbox 982 696 1330 773; x_wconf 83' lang='lat' dir='ltr'><strong>MONASTERIUM</strong></span> 
     </span>
    </p>
   </div>
   <div class='ocr_carea' id='block_1_2' title="bbox 883 980 1408 1073">
    <p class='ocr_par' dir='ltr' id='par_1_2' title="bbox 883 980 1408 1073">
     <span class='ocr_line' id='line_1_2' title="bbox 883 980 1408 1073; baseline 0.004 -4"><span class='ocrx_word' id='word_1_3' title='bbox 883 980 1247 1073; x_wconf 85' lang='lat' dir='ltr'><strong>CAPITULUM</strong></span> <span class='ocrx_word' id='word_1_4' title='bbox 1281 982 1408 1071; x_wconf 88' lang='lat' dir='ltr'><strong>XCI.</strong></span> 
     </span>
    </p>
   </div>
   <div class='ocr_carea' id='block_1_3' title="bbox 455 1229 1847 1399">
    <p class='ocr_par' dir='ltr' id='par_1_3' title="bbox 455 1229 1847 1399">
     <span class='ocr_line' id='line_1_3' title="bbox 455 1229 1847 1314; baseline 0.005 -25"><span class='ocrx_word' id='word_1_5' title='bbox 455 1233 497 1290; x_wconf 80' lang='lat' dir='ltr'>Ile</span> <span class='ocrx_word' id='word_1_6' title='bbox 514 1232 619 1291; x_wconf 87' lang='lat' dir='ltr'>vicaria</span> <span class='ocrx_word' id='word_1_7' title='bbox 636 1229 744 1288; x_wconf 89' lang='lat' dir='ltr'>lmonis</span> <span class='ocrx_word' id='word_1_8' title='bbox 760 1229 861 1307; x_wconf 73' lang='lat' dir='ltr'>ville,</span> <span class='ocrx_word' id='word_1_9' title='bbox 877 1243 905 1289; x_wconf 87' lang='lat' dir='ltr'>et</span> <span class='ocrx_word' id='word_1_10' title='bbox 923 1229 959 1289; x_wconf 89' lang='lat' dir='ltr'>de</span> <span class='ocrx_word' id='word_1_11' title='bbox 974 1231 1120 1291; x_wconf 89' lang='lat' dir='ltr'>culumnia</span> <span class='ocrx_word' id='word_1_12' title='bbox 1138 1230 1259 1290; x_wconf 91' lang='lat' dir='ltr'>duorum</span> <span class='ocrx_word' id='word_1_13' title='bbox 1279 1232 1502 1313; x_wconf 84' lang='lat' dir='ltr'>agripennorum</span> <span class='ocrx_word' id='word_1_14' title='bbox 1519 1235 1609 1293; x_wconf 82' lang='lat' dir='ltr'>vineae</span> <span class='ocrx_word' id='word_1_15' title='bbox 1626 1255 1689 1314; x_wconf 76' lang='lat' dir='ltr'>quae</span> <span class='ocrx_word' id='word_1_16' title='bbox 1704 1246 1747 1294; x_wconf 85' lang='lat' dir='ltr'>est</span> <span class='ocrx_word' id='word_1_17' title='bbox 1766 1237 1847 1314; x_wconf 83' lang='lat' dir='ltr'>juxta</span> 
     </span>
     <span class='ocr_line' id='line_1_4' title="bbox 955 1337 1348 1399; baseline 0.005 -4"><span class='ocrx_word' id='word_1_18' title='bbox 955 1337 1090 1396; x_wconf 83' lang='lat' dir='ltr'>Sanctum</span> <span class='ocrx_word' id='word_1_19' title='bbox 1105 1337 1348 1399; x_wconf 77' lang='lat' dir='ltr'>bartholomeum.</span> 
     </span>
    </p>
   </div>
   <div class='ocr_carea' id='block_1_4' title="bbox 246 1563 1849 3126">
    <p class='ocr_par' dir='ltr' id='par_1_4' title="bbox 246 1563 1849 3126">
     <span class='ocr_line' id='line_1_5' title="bbox 246 1563 1846 1666; baseline 0.004 -31"><span class='ocrx_word' id='word_1_20' title='bbox 246 1571 342 1617; x_wconf 62' lang='lat' dir='ltr'>⁹⁶¹10v·</span> <span class='ocrx_word' id='word_1_21' title='bbox 357 1569 425 1616; x_wconf 61' lang='lat'><strong>¹⁰7⁷·</strong></span> <span class='ocrx_word' id='word_1_22' title='bbox 507 1563 743 1652; x_wconf 82' lang='lat' dir='ltr'>«Omnibus,</span> <span class='ocrx_word' id='word_1_23' title='bbox 776 1581 849 1635; x_wconf 93' lang='lat' dir='ltr'>tam</span> <span class='ocrx_word' id='word_1_24' title='bbox 874 1563 1103 1664; x_wconf 79' lang='lat' dir='ltr'><strong>presentibus</strong></span> <span class='ocrx_word' id='word_1_25' title='bbox 1126 1591 1235 1666; x_wconf 89' lang='lat' dir='ltr'>quam</span> <span class='ocrx_word' id='word_1_26' title='bbox 1260 1564 1414 1652; x_wconf 85' lang='lat' dir='ltr'>futuris,</span> <span class='ocrx_word' id='word_1_27' title='bbox 1439 1582 1571 1638; x_wconf 86' lang='lat' dir='ltr'>sanctae</span> <span class='ocrx_word' id='word_1_28' title='bbox 1592 1566 1660 1639; x_wconf 91' lang='lat' dir='ltr'>Dei</span> <span class='ocrx_word' id='word_1_29' title='bbox 1678 1565 1846 1641; x_wconf 81' lang='lat' dir='ltr'>aecclesiae</span> 
     </span>
     <span class='ocr_line' id='line_1_6' title="bbox 454 1683 1848 1778; baseline 0.002 -17"><span class='ocrx_word' id='word_1_30' title='bbox 454 1687 640 1777; x_wconf 88' lang='lat' dir='ltr'>fidelibus,</span> <span class='ocrx_word' id='word_1_31' title='bbox 659 1712 725 1760; x_wconf 92' lang='lat' dir='ltr'>nos</span> <span class='ocrx_word' id='word_1_32' title='bbox 741 1683 908 1760; x_wconf 90' lang='lat' dir='ltr'>monaehi</span> <span class='ocrx_word' id='word_1_33' title='bbox 926 1688 1038 1759; x_wconf 90' lang='lat' dir='ltr'>saneti</span> <span class='ocrx_word' id='word_1_34' title='bbox 1056 1688 1153 1759; x_wconf 90' lang='lat' dir='ltr'>Petri</span> <span class='ocrx_word' id='word_1_35' title='bbox 1173 1687 1402 1763; x_wconf 90' lang='lat' dir='ltr'>Carnotensis</span> <span class='ocrx_word' id='word_1_36' title='bbox 1420 1685 1602 1778; x_wconf 91' lang='lat' dir='ltr'>coenobii,</span> <span class='ocrx_word' id='word_1_37' title='bbox 1622 1706 1753 1762; x_wconf 89' lang='lat' dir='ltr'>notum</span> <span class='ocrx_word' id='word_1_38' title='bbox 1774 1715 1848 1764; x_wconf 89' lang='lat' dir='ltr'>esse</span> 
     </span>
     <span class='ocr_line' id='line_1_7' title="bbox 454 1809 1847 1911; baseline 0.001 -30"><span class='ocrx_word' id='word_1_39' title='bbox 454 1813 639 1901; x_wconf 87' lang='lat' dir='ltr'>volumus,</span> <span class='ocrx_word' id='word_1_40' title='bbox 663 1811 701 1883; x_wconf 92' lang='lat' dir='ltr'>in</span> <span class='ocrx_word' id='word_1_41' title='bbox 716 1818 813 1883; x_wconf 85' lang='lat' dir='ltr'>anno</span> <span class='ocrx_word' id='word_1_42' title='bbox 830 1809 978 1911; x_wconf 89' lang='lat' dir='ltr'>quidem</span> <span class='ocrx_word' id='word_1_43' title='bbox 997 1837 1072 1910; x_wconf 91' lang='lat' dir='ltr'>quo</span> <span class='ocrx_word' id='word_1_44' title='bbox 1094 1812 1210 1884; x_wconf 85' lang='lat' dir='ltr'><strong>nostri</strong></span> <span class='ocrx_word' id='word_1_45' title='bbox 1238 1809 1398 1884; x_wconf 88' lang='lat' dir='ltr'>coenobii</span> <span class='ocrx_word' id='word_1_46' title='bbox 1425 1810 1618 1911; x_wconf 85' lang='lat' dir='ltr'>ediumque</span> <span class='ocrx_word' id='word_1_47' title='bbox 1639 1829 1847 1885; x_wconf 90' lang='lat' dir='ltr'>nostrarum</span> 
     </span>
     <span class='ocr_line' id='line_1_8' title="bbox 454 1929 1844 2034; baseline 0 -29"><span class='ocrx_word' id='word_1_48' title='bbox 454 1951 545 2007; x_wconf 87' lang='lat' dir='ltr'>tecta</span> <span class='ocrx_word' id='word_1_49' title='bbox 571 1959 682 2007; x_wconf 87' lang='lat' dir='ltr'>vorax</span> <span class='ocrx_word' id='word_1_50' title='bbox 706 1933 971 2032; x_wconf 83' lang='lat' dir='ltr'>cunsumpserit</span> <span class='ocrx_word' id='word_1_51' title='bbox 998 1930 1161 2020; x_wconf 83' lang='lat' dir='ltr'>flamma,</span> <span class='ocrx_word' id='word_1_52' title='bbox 1182 1930 1231 2006; x_wconf 87' lang='lat' dir='ltr'>VI</span> <span class='ocrx_word' id='word_1_53' title='bbox 1258 1959 1403 2032; x_wconf 88' lang='lat' dir='ltr'>quoque</span> <span class='ocrx_word' id='word_1_54' title='bbox 1426 1931 1593 2005; x_wconf 80' lang='lat' dir='ltr'>kalendas</span> <span class='ocrx_word' id='word_1_55' title='bbox 1611 1929 1844 2034; x_wconf 49' lang='lat' dir='ltr'>Decembr),</span> 
     </span>
     <span class='ocr_line' id='line_1_9' title="bbox 451 2052 1848 2157; baseline 0.001 -30"><span class='ocrx_word' id='word_1_56' title='bbox 451 2054 551 2157; x_wconf 86' lang='lat' dir='ltr'>quod</span> <span class='ocrx_word' id='word_1_57' title='bbox 567 2055 768 2148; x_wconf 89' lang='lat' dir='ltr'>Robertus,</span> <span class='ocrx_word' id='word_1_58' title='bbox 791 2055 1007 2152; x_wconf 77' lang='lat' dir='ltr'>prenomine</span> <span class='ocrx_word' id='word_1_59' title='bbox 1026 2052 1200 2145; x_wconf 82' lang='lat' dir='ltr'>Aculeus,</span> <span class='ocrx_word' id='word_1_60' title='bbox 1219 2055 1389 2127; x_wconf 83' lang='lat' dir='ltr'>vicariam</span> <span class='ocrx_word' id='word_1_61' title='bbox 1412 2071 1547 2129; x_wconf 90' lang='lat' dir='ltr'>nostrae</span> <span class='ocrx_word' id='word_1_62' title='bbox 1566 2071 1673 2128; x_wconf 85' lang='lat' dir='ltr'>terrae</span> <span class='ocrx_word' id='word_1_63' title='bbox 1690 2053 1734 2127; x_wconf 91' lang='lat' dir='ltr'>de</span> <span class='ocrx_word' id='word_1_64' title='bbox 1756 2056 1848 2128; x_wconf 79' lang='lat' dir='ltr'>lmo</span> 
     </span>
     <span class='ocr_line' id='line_1_10' title="bbox 452 2173 1848 2277; baseline 0 -27"><span class='ocrx_word' id='word_1_65' title='bbox 452 2180 508 2250; x_wconf 89' lang='lat' dir='ltr'>nis</span> <span class='ocrx_word' id='word_1_66' title='bbox 521 2176 635 2265; x_wconf 91' lang='lat' dir='ltr'>Villa,</span> <span class='ocrx_word' id='word_1_67' title='bbox 649 2201 758 2277; x_wconf 91' lang='lat' dir='ltr'>quam</span> <span class='ocrx_word' id='word_1_68' title='bbox 775 2177 906 2272; x_wconf 88' lang='lat' dir='ltr'>injuste</span> <span class='ocrx_word' id='word_1_69' title='bbox 920 2173 1141 2273; x_wconf 81' lang='lat' dir='ltr'>possidebat,</span> <span class='ocrx_word' id='word_1_70' title='bbox 1158 2189 1282 2248; x_wconf 83' lang='lat' dir='ltr'>sancto</span> <span class='ocrx_word' id='word_1_71' title='bbox 1300 2178 1408 2248; x_wconf 89' lang='lat' dir='ltr'>Petro</span> <span class='ocrx_word' id='word_1_72' title='bbox 1421 2173 1580 2262; x_wconf 91' lang='lat' dir='ltr'>dimisit,</span> <span class='ocrx_word' id='word_1_73' title='bbox 1596 2201 1848 2277; x_wconf 82' lang='lat' dir='ltr'>guerpumque</span> 
     </span>
     <span class='ocr_line' id='line_1_11' title="bbox 453 2295 1848 2399; baseline -0.001 -27"><span class='ocrx_word' id='word_1_74' title='bbox 453 2327 559 2399; x_wconf 88' lang='lat' dir='ltr'>super</span> <span class='ocrx_word' id='word_1_75' title='bbox 585 2298 695 2370; x_wconf 91' lang='lat' dir='ltr'>altare</span> <span class='ocrx_word' id='word_1_76' title='bbox 720 2300 794 2396; x_wconf 91' lang='lat' dir='ltr'>ejus</span> <span class='ocrx_word' id='word_1_77' title='bbox 819 2295 964 2394; x_wconf 89' lang='lat' dir='ltr'>publice</span> <span class='ocrx_word' id='word_1_78' title='bbox 989 2296 1112 2393; x_wconf 90' lang='lat' dir='ltr'>posuit</span> <span class='ocrx_word' id='word_1_79' title='bbox 1121 2323 1132 2382; x_wconf 68' lang='grc' dir='ltr'><strong><em>ς</em></strong></span> <span class='ocrx_word' id='word_1_80' title='bbox 1164 2297 1381 2367; x_wconf 87' lang='lat' dir='ltr'>calumniam</span> <span class='ocrx_word' id='word_1_81' title='bbox 1404 2322 1550 2398; x_wconf 89' lang='lat' dir='ltr'>quoquc</span> <span class='ocrx_word' id='word_1_82' title='bbox 1574 2298 1605 2368; x_wconf 96' lang='lat' dir='ltr'>Il</span> <span class='ocrx_word' id='word_1_83' title='bbox 1631 2298 1848 2398; x_wconf 75' lang='lat' dir='ltr'>agripennos</span> 
     </span>
     <span class='ocr_line' id='line_1_12' title="bbox 453 2416 1849 2519; baseline 0.001 -28"><span class='ocrx_word' id='word_1_84' title='bbox 453 2423 586 2508; x_wconf 86' lang='lat' dir='ltr'>vineae,</span> <span class='ocrx_word' id='word_1_85' title='bbox 604 2419 666 2519; x_wconf 91' lang='lat' dir='ltr'>qui</span> <span class='ocrx_word' id='word_1_86' title='bbox 678 2422 782 2514; x_wconf 83' lang='lat' dir='ltr'>juxta</span> <span class='ocrx_word' id='word_1_87' title='bbox 801 2417 922 2489; x_wconf 86' lang='lat' dir='ltr'>Sancti</span> <span class='ocrx_word' id='word_1_88' title='bbox 937 2416 1157 2490; x_wconf 89' lang='lat' dir='ltr'>Bartolomei</span> <span class='ocrx_word' id='word_1_89' title='bbox 1174 2435 1259 2489; x_wconf 92' lang='lat' dir='ltr'>sunt</span> <span class='ocrx_word' id='word_1_90' title='bbox 1276 2418 1513 2505; x_wconf 84' lang='lat' dir='ltr'>cimiterium,</span> <span class='ocrx_word' id='word_1_91' title='bbox 1531 2419 1569 2490; x_wconf 91' lang='lat' dir='ltr'>in</span> <span class='ocrx_word' id='word_1_92' title='bbox 1584 2420 1699 2518; x_wconf 88' lang='lat' dir='ltr'>capite</span> <span class='ocrx_word' id='word_1_93' title='bbox 1713 2419 1849 2493; x_wconf 90' lang='lat' dir='ltr'>scilicet</span> 
     </span>
     <span class='ocr_line' id='line_1_13' title="bbox 456 2536 1848 2641; baseline 0.001 -28"><span class='ocrx_word' id='word_1_94' title='bbox 456 2544 568 2617; x_wconf 78' lang='lat' dir='ltr'>nostri</span> <span class='ocrx_word' id='word_1_95' title='bbox 599 2541 728 2634; x_wconf 87' lang='lat' dir='ltr'>clausi,</span> <span class='ocrx_word' id='word_1_96' title='bbox 759 2541 901 2612; x_wconf 84' lang='lat' dir='ltr'>missam</span> <span class='ocrx_word' id='word_1_97' title='bbox 926 2539 1032 2627; x_wconf 85' lang='lat' dir='ltr'>fecit,</span> <span class='ocrx_word' id='word_1_98' title='bbox 1059 2536 1143 2610; x_wconf 91' lang='lat' dir='ltr'>inde</span> <span class='ocrx_word' id='word_1_99' title='bbox 1166 2538 1321 2611; x_wconf 87' lang='lat' dir='ltr'>fratrum</span> <span class='ocrx_word' id='word_1_100' title='bbox 1340 2539 1523 2615; x_wconf 90' lang='lat' dir='ltr'>orationes</span> <span class='ocrx_word' id='word_1_101' title='bbox 1541 2540 1717 2639; x_wconf 90' lang='lat' dir='ltr'>accipiens</span> <span class='ocrx_word' id='word_1_102' title='bbox 1740 2556 1848 2641; x_wconf 84' lang='lat' dir='ltr'>atque</span> 
     </span>
     <span class='ocr_line' id='line_1_14' title="bbox 453 2659 1844 2765; baseline -0.003 -28"><span class='ocrx_word' id='word_1_103' title='bbox 453 2691 586 2765; x_wconf 89' lang='lat' dir='ltr'>equum</span> <span class='ocrx_word' id='word_1_104' title='bbox 598 2688 725 2748; x_wconf 91' lang='lat' dir='ltr'>unum,</span> <span class='ocrx_word' id='word_1_105' title='bbox 737 2660 785 2735; x_wconf 92' lang='lat' dir='ltr'>Vl</span> <span class='ocrx_word' id='word_1_106' title='bbox 800 2659 908 2732; x_wconf 92' lang='lat' dir='ltr'>libras</span> <span class='ocrx_word' id='word_1_107' title='bbox 925 2659 1117 2733; x_wconf 87' lang='lat' dir='ltr'>valentem.</span> <span class='ocrx_word' id='word_1_108' title='bbox 1134 2659 1259 2732; x_wconf 84' lang='lat' dir='ltr'>Adfuit</span> <span class='ocrx_word' id='word_1_109' title='bbox 1273 2687 1356 2732; x_wconf 92' lang='lat' dir='ltr'>cum</span> <span class='ocrx_word' id='word_1_110' title='bbox 1366 2687 1410 2735; x_wconf 93' lang='lat' dir='ltr'>eo</span> <span class='ocrx_word' id='word_1_111' title='bbox 1423 2661 1600 2734; x_wconf 79' lang='lat' dir='ltr'>Ansoldus</span> <span class='ocrx_word' id='word_1_112' title='bbox 1611 2660 1654 2734; x_wconf 91' lang='lat' dir='ltr'>de</span> <span class='ocrx_word' id='word_1_113' title='bbox 1664 2662 1844 2762; x_wconf 82' lang='lat' dir='ltr'>Mungerii</span> 
     </span>
     <span class='ocr_line' id='line_1_15' title="bbox 453 2780 1848 2881; baseline -0.001 -24"><span class='ocrx_word' id='word_1_114' title='bbox 453 2784 546 2857; x_wconf 88' lang='lat' dir='ltr'>Villa</span> <span class='ocrx_word' id='word_1_115' title='bbox 554 2813 565 2874; x_wconf 87' lang='lat'>;</span> <span class='ocrx_word' id='word_1_116' title='bbox 594 2781 787 2855; x_wconf 80' lang='lat' dir='ltr'>llainaldus</span> <span class='ocrx_word' id='word_1_117' title='bbox 808 2797 845 2854; x_wconf 93' lang='lat' dir='ltr'>et</span> <span class='ocrx_word' id='word_1_118' title='bbox 866 2780 978 2854; x_wconf 85' lang='lat' dir='ltr'>frater</span> <span class='ocrx_word' id='word_1_119' title='bbox 1001 2784 1096 2881; x_wconf 87' lang='lat' dir='ltr'>ejus,</span> <span class='ocrx_word' id='word_1_120' title='bbox 1117 2780 1181 2853; x_wconf 92' lang='lat' dir='ltr'>lilii</span> <span class='ocrx_word' id='word_1_121' title='bbox 1200 2781 1401 2856; x_wconf 87' lang='lat' dir='ltr'>VValterii.</span> <span class='ocrx_word' id='word_1_122' title='bbox 1426 2783 1625 2856; x_wconf 87' lang='lat' dir='ltr'>Nobiscum</span> <span class='ocrx_word' id='word_1_123' title='bbox 1647 2808 1734 2856; x_wconf 86' lang='lat' dir='ltr'>vero</span> <span class='ocrx_word' id='word_1_124' title='bbox 1751 2784 1848 2856; x_wconf 89' lang='lat' dir='ltr'>Lau-</span> 
     </span>
     <span class='ocr_line' id='line_1_16' title="bbox 453 2902 1844 3003; baseline 0 -27"><span class='ocrx_word' id='word_1_125' title='bbox 453 2907 590 2978; x_wconf 89' lang='lat' dir='ltr'>rentius</span> <span class='ocrx_word' id='word_1_126' title='bbox 608 2902 869 2991; x_wconf 89' lang='lat' dir='ltr'>cubicularius,</span> <span class='ocrx_word' id='word_1_127' title='bbox 893 2904 1070 2975; x_wconf 76' lang='lat' dir='ltr'>laurinus</span> <span class='ocrx_word' id='word_1_128' title='bbox 1087 2929 1211 3003; x_wconf 79' lang='lat' dir='ltr'>agas03</span> <span class='ocrx_word' id='word_1_129' title='bbox 1237 2903 1395 2977; x_wconf 90' lang='lat' dir='ltr'>Gaudius</span> <span class='ocrx_word' id='word_1_130' title='bbox 1415 2922 1451 2977; x_wconf 91' lang='lat' dir='ltr'>et</span> <span class='ocrx_word' id='word_1_131' title='bbox 1475 2904 1680 2996; x_wconf 90' lang='lat' dir='ltr'>Teduinus,</span> <span class='ocrx_word' id='word_1_132' title='bbox 1697 2904 1844 2996; x_wconf 77' lang='lat' dir='ltr'>fratres5</span> 
     </span>
     <span class='ocr_line' id='line_1_17' title="bbox 453 3025 1050 3126; baseline -0.003 -30"><span class='ocrx_word' id='word_1_133' title='bbox 453 3025 653 3126; x_wconf 87' lang='lat' dir='ltr'>Stephanus</span> <span class='ocrx_word' id='word_1_134' title='bbox 670 3029 798 3126; x_wconf 88' lang='lat' dir='ltr'>major,</span> <span class='ocrx_word' id='word_1_135' title='bbox 821 3042 857 3098; x_wconf 92' lang='lat' dir='ltr'>et</span> <span class='ocrx_word' id='word_1_136' title='bbox 875 3026 1010 3098; x_wconf 86' lang='lat' dir='ltr'>caeteri.</span> <span class='ocrx_word' id='word_1_137' title='bbox 1032 3056 1050 3092; x_wconf 75' lang='lat' dir='ltr'>n</span> 
     </span>
    </p>
   </div>
   <div class='ocr_carea' id='block_1_5' title="bbox 873 3279 1430 3372">
    <p class='ocr_par' dir='ltr' id='par_1_5' title="bbox 873 3279 1430 3372">
     <span class='ocr_line' id='line_1_18' title="bbox 873 3279 1430 3372; baseline 0.005 -3"><span class='ocrx_word' id='word_1_138' title='bbox 873 3279 1242 3371; x_wconf 81' lang='lat' dir='ltr'><strong>CAPITULUM</strong></span> <span class='ocrx_word' id='word_1_139' title='bbox 1278 3282 1430 3372; x_wconf 87' lang='lat' dir='ltr'><strong>XCII.</strong></span> 
     </span>
    </p>
   </div>
   <div class='ocr_carea' id='block_1_6' title="bbox 924 3504 1378 3586">
    <p class='ocr_par' dir='ltr' id='par_1_6' title="bbox 924 3504 1378 3586">
     <span class='ocr_line' id='line_1_19' title="bbox 924 3504 1378 3586; baseline 0.002 -23"><span class='ocrx_word' id='word_1_140' title='bbox 924 3505 966 3563; x_wconf 91' lang='lat' dir='ltr'>De</span> <span class='ocrx_word' id='word_1_141' title='bbox 982 3504 1102 3564; x_wconf 85' lang='lat' dir='ltr'>ecclesia</span> <span class='ocrx_word' id='word_1_142' title='bbox 1116 3505 1276 3586; x_wconf 87' lang='lat' dir='ltr'>Superioris</span> <span class='ocrx_word' id='word_1_143' title='bbox 1292 3505 1378 3566; x_wconf 80' lang='lat' dir='ltr'>Croti.</span> 
     </span>
    </p>
   </div>
   <div class='ocr_carea' id='block_1_7' title="bbox 453 3732 1848 4573">
    <p class='ocr_par' dir='ltr' id='par_1_7' title="bbox 453 3732 1848 4573">
     <span class='ocr_line' id='line_1_20' title="bbox 505 3732 1847 3813; baseline 0.001 -5"><span class='ocrx_word' id='word_1_144' title='bbox 505 3773 522 3809; x_wconf 76' lang='grc' dir='ltr'>α</span> <span class='ocrx_word' id='word_1_145' title='bbox 540 3739 677 3813; x_wconf 89' lang='lat' dir='ltr'>Notum</span> <span class='ocrx_word' id='word_1_146' title='bbox 703 3735 963 3809; x_wconf 83' lang='lat' dir='ltr'>essevolumus</span> <span class='ocrx_word' id='word_1_147' title='bbox 985 3759 1052 3807; x_wconf 91' lang='lat' dir='ltr'>uos</span> <span class='ocrx_word' id='word_1_148' title='bbox 1073 3732 1239 3806; x_wconf 87' lang='lat' dir='ltr'>monachi</span> <span class='ocrx_word' id='word_1_149' title='bbox 1263 3737 1376 3807; x_wconf 79' lang='lat' dir='ltr'>sancti</span> <span class='ocrx_word' id='word_1_150' title='bbox 1400 3736 1496 3808; x_wconf 90' lang='lat' dir='ltr'>Petri</span> <span class='ocrx_word' id='word_1_151' title='bbox 1522 3734 1682 3809; x_wconf 90' lang='lat' dir='ltr'>coenobii</span> <span class='ocrx_word' id='word_1_152' title='bbox 1706 3738 1847 3810; x_wconf 87' lang='lat' dir='ltr'>Carno-</span> 
     </span>
     <span class='ocr_line' id='line_1_21' title="bbox 455 3854 1848 3944; baseline -0.003 -11"><span class='ocrx_word' id='word_1_153' title='bbox 455 3863 564 3936; x_wconf 88' lang='lat' dir='ltr'>tensis</span> <span class='ocrx_word' id='word_1_154' title='bbox 584 3859 723 3932; x_wconf 90' lang='lat' dir='ltr'>cunctis</span> <span class='ocrx_word' id='word_1_155' title='bbox 746 3873 876 3929; x_wconf 72' lang='lat' dir='ltr'>sanctu</span> <span class='ocrx_word' id='word_1_156' title='bbox 895 3856 957 3928; x_wconf 89' lang='lat' dir='ltr'>Dei</span> <span class='ocrx_word' id='word_1_157' title='bbox 977 3855 1146 3929; x_wconf 86' lang='lat' dir='ltr'>aeeclesiae</span> <span class='ocrx_word' id='word_1_158' title='bbox 1168 3854 1350 3944; x_wconf 89' lang='lat' dir='ltr'>fidelibus,</span> <span class='ocrx_word' id='word_1_159' title='bbox 1371 3884 1389 3929; x_wconf 92' lang='lat' dir='ltr'>a</span> <span class='ocrx_word' id='word_1_160' title='bbox 1407 3855 1594 3930; x_wconf 88' lang='lat' dir='ltr'>monacbis</span> <span class='ocrx_word' id='word_1_161' title='bbox 1615 3859 1726 3931; x_wconf 88' lang='lat' dir='ltr'>sancti</span> <span class='ocrx_word' id='word_1_162' title='bbox 1748 3864 1848 3930; x_wconf 87' lang='lat' dir='ltr'>Mar·-</span> 
     </span>
     <span class='ocr_line' id='line_1_22' title="bbox 454 3977 1845 4082; baseline -0.001 -28"><span class='ocrx_word' id='word_1_163' title='bbox 454 3987 521 4057; x_wconf 92' lang='lat' dir='ltr'>tini</span> <span class='ocrx_word' id='word_1_164' title='bbox 538 3983 684 4082; x_wconf 88' lang='lat' dir='ltr'>Majoris</span> <span class='ocrx_word' id='word_1_165' title='bbox 702 3980 912 4053; x_wconf 88' lang='lat' dir='ltr'>Monasterii</span> <span class='ocrx_word' id='word_1_166' title='bbox 930 3977 1122 4079; x_wconf 87' lang='lat' dir='ltr'>quamdam</span> <span class='ocrx_word' id='word_1_167' title='bbox 1138 3978 1333 4051; x_wconf 85' lang='lat' dir='ltr'>aecclesiam</span> <span class='ocrx_word' id='word_1_168' title='bbox 1343 4034 1353 4068; x_wconf 90' lang='lat'>,</span> <span class='ocrx_word' id='word_1_169' title='bbox 1369 3979 1527 4052; x_wconf 66' lang='lat' dir='ltr'>sitam&#39;in</span> <span class='ocrx_word' id='word_1_170' title='bbox 1542 3979 1655 4054; x_wconf 90' lang='lat' dir='ltr'>Croto</span> <span class='ocrx_word' id='word_1_171' title='bbox 1668 3982 1845 4079; x_wconf 90' lang='lat' dir='ltr'>superiori</span> 
     </span>
     <span class='ocr_line' id='line_1_23' title="bbox 453 4098 1848 4206; baseline -0.002 -29"><span class='ocrx_word' id='word_1_172' title='bbox 453 4132 560 4206; x_wconf 87' lang='lat' dir='ltr'>super</span> <span class='ocrx_word' id='word_1_173' title='bbox 569 4100 901 4188; x_wconf 81' lang='lat' dir='ltr'>fluviumAudurae,</span> <span class='ocrx_word' id='word_1_174' title='bbox 918 4099 1007 4173; x_wconf 89' lang='lat' dir='ltr'>olim</span> <span class='ocrx_word' id='word_1_175' title='bbox 1020 4115 1177 4199; x_wconf 90' lang='lat' dir='ltr'>emptam</span> <span class='ocrx_word' id='word_1_176' title='bbox 1189 4098 1297 4174; x_wconf 84' lang='lat' dir='ltr'>fuisse</span> <span class='ocrx_word' id='word_1_177' title='bbox 1310 4101 1356 4180; x_wconf 90' lang='lat' dir='ltr'>ab</span> <span class='ocrx_word' id='word_1_178' title='bbox 1370 4100 1499 4174; x_wconf 88' lang='lat' dir='ltr'>abbate</span> <span class='ocrx_word' id='word_1_179' title='bbox 1513 4101 1709 4188; x_wconf 90' lang='lat' dir='ltr'>Landrico‚</span> <span class='ocrx_word' id='word_1_180' title='bbox 1725 4102 1848 4176; x_wconf 85' lang='lat' dir='ltr'>saven-</span> 
     </span>
     <span class='ocr_line' id='line_1_24' title="bbox 454 4221 1848 4323; baseline -0.001 -26"><span class='ocrx_word' id='word_1_181' title='bbox 454 4226 551 4297; x_wconf 91' lang='lat' dir='ltr'>tibus</span> <span class='ocrx_word' id='word_1_182' title='bbox 569 4222 743 4296; x_wconf 88' lang='lat' dir='ltr'>fratribus</span> <span class='ocrx_word' id='word_1_183' title='bbox 766 4221 810 4295; x_wconf 93' lang='lat' dir='ltr'>de</span> <span class='ocrx_word' id='word_1_184' title='bbox 834 4247 993 4323; x_wconf 89' lang='lat' dir='ltr'>quorum</span> <span class='ocrx_word' id='word_1_185' title='bbox 1016 4221 1239 4319; x_wconf 87' lang='lat' dir='ltr'>patrimonio</span> <span class='ocrx_word' id='word_1_186' title='bbox 1265 4221 1402 4311; x_wconf 86' lang='lat' dir='ltr'>fuerat,</span> <span class='ocrx_word' id='word_1_187' title='bbox 1427 4221 1580 4296; x_wconf 87' lang='lat' dir='ltr'>Arraldo</span> <span class='ocrx_word' id='word_1_188' title='bbox 1603 4222 1758 4311; x_wconf 91' lang='lat' dir='ltr'>scilicet,</span> <span class='ocrx_word' id='word_1_189' title='bbox 1780 4224 1848 4296; x_wconf 85' lang='lat' dir='ltr'>Ri-</span> 
     </span>
     <span class='ocr_line' id='line_1_25' title="bbox 453 4342 1843 4445; baseline -0.004 -25"><span class='ocrx_word' id='word_1_190' title='bbox 453 4347 586 4421; x_wconf 89' lang='lat' dir='ltr'>chardo</span> <span class='ocrx_word' id='word_1_191' title='bbox 609 4363 646 4419; x_wconf 88' lang='lat' dir='ltr'>et</span> <span class='ocrx_word' id='word_1_192' title='bbox 672 4343 878 4432; x_wconf 78' lang='lat' dir='ltr'>Bernardo,</span> <span class='ocrx_word' id='word_1_193' title='bbox 905 4345 970 4445; x_wconf 92' lang='lat' dir='ltr'>qui</span> <span class='ocrx_word' id='word_1_194' title='bbox 997 4342 1089 4415; x_wconf 88' lang='lat' dir='ltr'>banc</span> <span class='ocrx_word' id='word_1_195' title='bbox 1115 4343 1227 4442; x_wconf 86' lang='lat' dir='ltr'>ipsam</span> <span class='ocrx_word' id='word_1_196' title='bbox 1253 4360 1378 4418; x_wconf 84' lang='lat' dir='ltr'>sancto</span> <span class='ocrx_word' id='word_1_197' title='bbox 1406 4346 1565 4418; x_wconf 87' lang='lat' dir='ltr'>Martino</span> <span class='ocrx_word' id='word_1_198' title='bbox 1590 4343 1843 4433; x_wconf 86' lang='lat' dir='ltr'>vendiderant,</span> 
     </span>
     <span class='ocr_line' id='line_1_26' title="bbox 453 4463 1847 4573; baseline -0.002 -30"><span class='ocrx_word' id='word_1_199' title='bbox 453 4468 656 4544; x_wconf 89' lang='lat' dir='ltr'>laventibus</span> <span class='ocrx_word' id='word_1_200' title='bbox 673 4467 816 4539; x_wconf 92' lang='lat' dir='ltr'>domnis</span> <span class='ocrx_word' id='word_1_201' title='bbox 833 4465 877 4539; x_wconf 95' lang='lat' dir='ltr'>de</span> <span class='ocrx_word' id='word_1_202' title='bbox 894 4492 1055 4568; x_wconf 88' lang='lat' dir='ltr'>quorum</span> <span class='ocrx_word' id='word_1_203' title='bbox 1070 4463 1248 4539; x_wconf 84' lang='lat' dir='ltr'>beneficio</span> <span class='ocrx_word' id='word_1_204' title='bbox 1266 4483 1338 4573; x_wconf 85' lang='lat' dir='ltr'>tres</span> <span class='ocrx_word' id='word_1_205' title='bbox 1360 4467 1553 4565; x_wconf 87' lang='lat' dir='ltr'>supradicti</span> <span class='ocrx_word' id='word_1_206' title='bbox 1571 4467 1699 4541; x_wconf 86' lang='lat' dir='ltr'>fratres</span> <span class='ocrx_word' id='word_1_207' title='bbox 1716 4485 1847 4541; x_wconf 90' lang='lat' dir='ltr'>tenue-</span> 
     </span>
    </p>
   </div>
   <div class='ocr_carea' id='block_1_8' title="bbox 452 4686 1844 4967">
    <p class='ocr_par' dir='ltr' id='par_1_8' title="bbox 452 4686 1844 4967">
     <span class='ocr_line' id='line_1_27' title="bbox 501 4686 1844 4769; baseline -0.004 -15"><span class='ocrx_word' id='word_1_208' title='bbox 501 4704 505 4727; x_wconf 93' lang='lat'>¹</span> <span class='ocrx_word' id='word_1_209' title='bbox 522 4694 609 4769; x_wconf 86' lang='lat' dir='ltr'>Quod</span> <span class='ocrx_word' id='word_1_210' title='bbox 623 4692 808 4760; x_wconf 85' lang='lat' dir='ltr'>incendium,</span> <span class='ocrx_word' id='word_1_211' title='bbox 823 4702 856 4749; x_wconf 88' lang='lat' dir='ltr'>ut</span> <span class='ocrx_word' id='word_1_212' title='bbox 869 4688 980 4749; x_wconf 84' lang='lat' dir='ltr'>dicetur</span> <span class='ocrx_word' id='word_1_213' title='bbox 993 4686 1132 4764; x_wconf 84' lang='lat' dir='ltr'>inferius,</span> <span class='ocrx_word' id='word_1_214' title='bbox 1168 4703 1263 4750; x_wconf 88' lang='lat' dir='ltr'>autem</span> <span class='ocrx_word' id='word_1_215' title='bbox 1283 4703 1350 4750; x_wconf 88' lang='lat' dir='ltr'>unte</span> <span class='ocrx_word' id='word_1_216' title='bbox 1367 4690 1514 4751; x_wconf 84' lang='lat' dir='ltr'>Eustachii</span> <span class='ocrx_word' id='word_1_217' title='bbox 1529 4692 1640 4751; x_wconf 84' lang='lat' dir='ltr'>abbatis</span> <span class='ocrx_word' id='word_1_218' title='bbox 1657 4691 1844 4761; x_wconf 85' lang='lat' dir='ltr'>electionem,</span> 
     </span>
     <span class='ocr_line' id='line_1_28' title="bbox 453 4786 1423 4872; baseline -0.006 -20"><span class='ocrx_word' id='word_1_219' title='bbox 453 4818 479 4852; x_wconf 77' lang='lat' dir='ltr'>e.</span> <span class='ocrx_word' id='word_1_220' title='bbox 504 4790 579 4868; x_wconf 70' lang='lat' dir='ltr'>rod,</span> <span class='ocrx_word' id='word_1_221' title='bbox 601 4789 703 4849; x_wconf 86' lang='lat' dir='ltr'>incidit</span> <span class='ocrx_word' id='word_1_222' title='bbox 724 4791 754 4846; x_wconf 91' lang='lat' dir='ltr'>in</span> <span class='ocrx_word' id='word_1_223' title='bbox 773 4808 881 4846; x_wconf 85' lang='lat' dir='ltr'>annum</span> <span class='ocrx_word' id='word_1_224' title='bbox 904 4788 1030 4868; x_wconf 88' lang='lat' dir='ltr'>primum</span> <span class='ocrx_word' id='word_1_225' title='bbox 1049 4786 1133 4846; x_wconf 87' lang='lat' dir='ltr'>Gau·</span> <span class='ocrx_word' id='word_1_226' title='bbox 1168 4788 1186 4848; x_wconf 92' lang='lat' dir='ltr'>i.</span> <span class='ocrx_word' id='word_1_227' title='bbox 1202 4810 1227 4849; x_wconf 92' lang='lat' dir='ltr'>e.</span> <span class='ocrx_word' id='word_1_228' title='bbox 1243 4790 1272 4849; x_wconf 91' lang='lat' dir='ltr'>iu</span> <span class='ocrx_word' id='word_1_229' title='bbox 1290 4811 1316 4848; x_wconf 85' lang='lat' dir='ltr'>a.</span> <span class='ocrx_word' id='word_1_230' title='bbox 1336 4811 1423 4872; x_wconf 74' lang='lat'><strong>¹⁰77·</strong></span> 
     </span>
     <span class='ocr_line' id='line_1_29' title="bbox 452 4886 1130 4967; baseline -0.007 -17"><span class='ocrx_word' id='word_1_231' title='bbox 452 4891 536 4966; x_wconf 85' lang='lat' dir='ltr'>Iridi,</span> <span class='ocrx_word' id='word_1_232' title='bbox 553 4889 736 4949; x_wconf 85' lang='lat' dir='ltr'>Carnutensis</span> <span class='ocrx_word' id='word_1_233' title='bbox 758 4887 900 4967; x_wconf 70' lang='lat' dir='ltr'>episcopi,</span> <span class='ocrx_word' id='word_1_234' title='bbox 918 4886 949 4944; x_wconf 93' lang='lat' dir='ltr'>iu</span> <span class='ocrx_word' id='word_1_235' title='bbox 971 4886 1130 4946; x_wconf 87' lang='lat' dir='ltr'>secundum</span> 
     </span>
    </p>
   </div>
   <div class='ocr_carea' id='block_1_9' title="bbox 0 0 2242 6116">
    <p class='ocr_par' dir='ltr' id='par_1_9' title="bbox 0 0 2242 6116">
     <span class='ocr_line' id='line_1_30' title="bbox 0 0 2242 6116; baseline 0 0"><span class='ocrx_word' id='word_1_236' title='bbox 0 0 2242 6116; x_wconf 95' lang='lat' dir='ltr'> </span> 
     </span>
    </p>
   </div>
  </div>
 </body>
</html>
