<?xml version="1.0" encoding="UTF-8"?>
<!DOCTYPE html PUBLIC "-//W3C//DTD XHTML 1.0 Transitional//EN"
    "http://www.w3.org/TR/xhtml1/DTD/xhtml1-transitional.dtd">
<html xmlns="http://www.w3.org/1999/xhtml" xml:lang="en" lang="en">
 <head>
  <title>
</title>
<meta http-equiv="Content-Type" content="text/html;charset=utf-8" />
  <meta name='ocr-system' content='tesseract 3.04.00' />
  <meta name='ocr-capabilities' content='ocr_page ocr_carea ocr_par ocr_line ocrx_word'/>
</head>
<body>
  <div class='ocr_page' id='page_1' title='image "./cartulairedelab00abbegoog_0468.png"; bbox 0 0 4426 6120; ppageno 0'>
   <div class='ocr_carea' id='block_1_1' title="bbox 987 717 1334 794">
    <p class='ocr_par' dir='ltr' id='par_1_1' title="bbox 987 717 1334 794">
     <span class='ocr_line' id='line_1_1' title="bbox 987 717 1334 794; baseline 0.003 -2"><span class='ocrx_word' id='word_1_1' title='bbox 987 717 1334 794; x_wconf 81' lang='lat' dir='ltr'><strong>MONASTERIUM</strong></span> 
     </span>
    </p>
   </div>
   <div class='ocr_carea' id='block_1_2' title="bbox 932 1013 1389 1149">
    <p class='ocr_par' dir='ltr' id='par_1_2' title="bbox 932 1013 1389 1149">
     <span class='ocr_line' id='line_1_2' title="bbox 932 1013 1389 1149; baseline 0 -44"><span class='ocrx_word' id='word_1_2' title='bbox 932 1013 1289 1149; x_wconf 75' lang='lat' dir='ltr'><strong>ctnruntn</strong></span> <span class='ocrx_word' id='word_1_3' title='bbox 1325 1017 1389 1105; x_wconf 90' lang='lat'><strong>11.</strong></span> 
     </span>
    </p>
   </div>
   <div class='ocr_carea' id='block_1_3' title="bbox 665 1257 1658 1337">
    <p class='ocr_par' dir='ltr' id='par_1_3' title="bbox 665 1257 1658 1337">
     <span class='ocr_line' id='line_1_3' title="bbox 665 1257 1658 1337; baseline -0.004 -11"><span class='ocrx_word' id='word_1_4' title='bbox 665 1264 710 1326; x_wconf 87' lang='lat' dir='ltr'><strong>De</strong></span> <span class='ocrx_word' id='word_1_5' title='bbox 725 1257 881 1324; x_wconf 86' lang='lat' dir='ltr'><strong>Pomereda</strong></span> <span class='ocrx_word' id='word_1_6' title='bbox 894 1275 923 1323; x_wconf 86' lang='lat' dir='ltr'><strong>et</strong></span> <span class='ocrx_word' id='word_1_7' title='bbox 937 1258 1023 1325; x_wconf 77' lang='lat' dir='ltr'><strong>Loris</strong></span> <span class='ocrx_word' id='word_1_8' title='bbox 1039 1263 1117 1325; x_wconf 84' lang='lat' dir='ltr'><strong>Villa</strong></span> <span class='ocrx_word' id='word_1_9' title='bbox 1132 1263 1205 1324; x_wconf 80' lang='lat' dir='ltr'><strong>datis</strong></span> <span class='ocrx_word' id='word_1_10' title='bbox 1219 1286 1237 1322; x_wconf 83' lang='lat' dir='ltr'><strong>a</strong></span> <span class='ocrx_word' id='word_1_11' title='bbox 1247 1264 1390 1337; x_wconf 78' lang='lat' dir='ltr'><strong>viviano,</strong></span> <span class='ocrx_word' id='word_1_12' title='bbox 1407 1260 1488 1322; x_wconf 82' lang='lat' dir='ltr'><strong>fratri</strong></span> <span class='ocrx_word' id='word_1_13' title='bbox 1504 1261 1658 1323; x_wconf 82' lang='lat' dir='ltr'><strong>Fulcberii.</strong></span> 
     </span>
    </p>
   </div>
   <div class='ocr_carea' id='block_1_4' title="bbox 470 1482 1862 1836">
    <p class='ocr_par' dir='ltr' id='par_1_4' title="bbox 470 1482 1862 1836">
     <span class='ocr_line' id='line_1_4' title="bbox 523 1482 1860 1594; baseline 0.005 -33"><span class='ocrx_word' id='word_1_14' title='bbox 523 1521 541 1561; x_wconf 81' lang='lat' dir='ltr'><strong>u</strong></span> <span class='ocrx_word' id='word_1_15' title='bbox 552 1482 1085 1593; x_wconf 78' lang='lat' dir='ltr'><strong>Singularisnecneepraenipua</strong></span> <span class='ocrx_word' id='word_1_16' title='bbox 1094 1509 1148 1566; x_wconf 92' lang='lat' dir='ltr'><strong>est</strong></span> <span class='ocrx_word' id='word_1_17' title='bbox 1157 1490 1290 1566; x_wconf 80' lang='lat' dir='ltr'><strong>divinae</strong></span> <span class='ocrx_word' id='word_1_18' title='bbox 1299 1492 1563 1568; x_wconf 77' lang='lat' dir='ltr'><strong>misericordiae</strong></span> <span class='ocrx_word' id='word_1_19' title='bbox 1570 1517 1686 1584; x_wconf 91' lang='lat' dir='ltr'><strong>causa,</strong></span> <span class='ocrx_word' id='word_1_20' title='bbox 1699 1493 1783 1594; x_wconf 89' lang='lat' dir='ltr'><strong>qnia</strong></span> <span class='ocrx_word' id='word_1_21' title='bbox 1797 1492 1860 1568; x_wconf 87' lang='lat' dir='ltr'><strong>be·</strong></span> 
     </span>
     <span class='ocr_line' id='line_1_5' title="bbox 470 1600 1861 1715; baseline 0.002 -29"><span class='ocrx_word' id='word_1_22' title='bbox 470 1615 640 1715; x_wconf 82' lang='lat' dir='ltr'><strong>nignitati</strong></span> <span class='ocrx_word' id='word_1_23' title='bbox 654 1615 846 1690; x_wconf 86' lang='lat' dir='ltr'><strong>Salvatoris</strong></span> <span class='ocrx_word' id='word_1_24' title='bbox 858 1600 1006 1691; x_wconf 74' lang='lat' dir='ltr'><strong>Domiffi</strong></span> <span class='ocrx_word' id='word_1_25' title='bbox 1021 1617 1085 1690; x_wconf 86' lang='lat' dir='ltr'><strong>Dei</strong></span> <span class='ocrx_word' id='word_1_26' title='bbox 1099 1617 1231 1704; x_wconf 85' lang='lat' dir='ltr'><strong>nostri,</strong></span> <span class='ocrx_word' id='word_1_27' title='bbox 1245 1643 1282 1690; x_wconf 88' lang='lat' dir='ltr'><strong>ea</strong></span> <span class='ocrx_word' id='word_1_28' title='bbox 1292 1613 1678 1715; x_wconf 73' lang='lat' dir='ltr'><strong>dignationis&#39;ratione,</strong></span> <span class='ocrx_word' id='word_1_29' title='bbox 1693 1604 1861 1689; x_wconf 83' lang='lat' dir='ltr'><strong>bunianae</strong></span> 
     </span>
     <span class='ocr_line' id='line_1_6' title="bbox 470 1728 1862 1836; baseline 0.002 -29"><span class='ocrx_word' id='word_1_30' title='bbox 470 1735 655 1836; x_wconf 79' lang='lat' dir='ltr'><strong>fragilitati</strong></span> <span class='ocrx_word' id='word_1_31' title='bbox 666 1752 807 1808; x_wconf 81' lang='lat' dir='ltr'><strong>naturae</strong></span> <span class='ocrx_word' id='word_1_32' title='bbox 815 1735 950 1835; x_wconf 85' lang='lat' dir='ltr'><strong>placuit</strong></span> <span class='ocrx_word' id='word_1_33' title='bbox 959 1733 1184 1835; x_wconf 86' lang='lat' dir='ltr'><strong>providendo</strong></span> <span class='ocrx_word' id='word_1_34' title='bbox 1195 1736 1383 1811; x_wconf 88' lang='lat' dir='ltr'><strong>consulere</strong></span> <span class='ocrx_word' id='word_1_35' title='bbox 1393 1751 1430 1810; x_wconf 90' lang='lat' dir='ltr'><strong>et</strong></span> <span class='ocrx_word' id='word_1_36' title='bbox 1439 1728 1661 1811; x_wconf 79' lang='lat' dir='ltr'><strong>consulendo</strong></span> <span class='ocrx_word' id='word_1_37' title='bbox 1669 1735 1862 1835; x_wconf 83' lang='lat' dir='ltr'><strong>providere</strong></span> 
     </span>
    </p>
   </div>
   <div class='ocr_carea' id='block_1_5' title="bbox 348 1855 1863 1959">
    <p class='ocr_par' dir='ltr' id='par_1_5' title="bbox 348 1855 1863 1959">
     <span class='ocr_line' id='line_1_7' title="bbox 348 1855 1863 1959; baseline -0.001 -29"><span class='ocrx_word' id='word_1_38' title='bbox 348 1880 355 1892; x_wconf 90' lang='grc'>·</span> <span class='ocrx_word' id='word_1_39' title='bbox 470 1875 512 1930; x_wconf 89' lang='lat' dir='ltr'><strong>ut</strong></span> <span class='ocrx_word' id='word_1_40' title='bbox 523 1860 562 1932; x_wconf 92' lang='lat' dir='ltr'><strong>in</strong></span> <span class='ocrx_word' id='word_1_41' title='bbox 573 1857 704 1931; x_wconf 80' lang='lat' dir='ltr'><strong>divinis</strong></span> <span class='ocrx_word' id='word_1_42' title='bbox 713 1855 959 1931; x_wconf 87' lang='lat' dir='ltr'><strong>voluminibus</strong></span> <span class='ocrx_word' id='word_1_43' title='bbox 972 1873 1009 1931; x_wconf 89' lang='lat' dir='ltr'><strong>et</strong></span> <span class='ocrx_word' id='word_1_44' title='bbox 1022 1858 1115 1930; x_wconf 88' lang='lat' dir='ltr'><strong>sanis</strong></span> <span class='ocrx_word' id='word_1_45' title='bbox 1124 1872 1337 1932; x_wconf 88' lang='lat' dir='ltr'><strong>ornamenta</strong></span> <span class='ocrx_word' id='word_1_46' title='bbox 1349 1874 1385 1930; x_wconf 88' lang='lat' dir='ltr'><strong>et</strong></span> <span class='ocrx_word' id='word_1_47' title='bbox 1398 1858 1533 1958; x_wconf 81' lang='lat' dir='ltr'><strong>egrotis</strong></span> <span class='ocrx_word' id='word_1_48' title='bbox 1545 1862 1704 1956; x_wconf 76' lang='lat' dir='ltr'><strong>congrua</strong></span> <span class='ocrx_word' id='word_1_49' title='bbox 1714 1856 1863 1959; x_wconf 83' lang='lat' dir='ltr'><strong>dispen-</strong></span> 
     </span>
    </p>
   </div>
   <div class='ocr_carea' id='block_1_6' title="bbox 454 1978 1866 5008">
    <p class='ocr_par' dir='ltr' id='par_1_6' title="bbox 454 1978 1866 5008">
     <span class='ocr_line' id='line_1_8' title="bbox 470 1978 1860 2081; baseline 0 -28"><span class='ocrx_word' id='word_1_50' title='bbox 470 1982 599 2055; x_wconf 81' lang='lat' dir='ltr'><strong>saverit</strong></span> <span class='ocrx_word' id='word_1_51' title='bbox 611 1979 780 2054; x_wconf 87' lang='lat' dir='ltr'><strong>remedia.</strong></span> <span class='ocrx_word' id='word_1_52' title='bbox 795 1980 888 2052; x_wconf 91' lang='lat' dir='ltr'><strong>Cum</strong></span> <span class='ocrx_word' id='word_1_53' title='bbox 901 1981 1000 2054; x_wconf 90' lang='lat' dir='ltr'><strong>enim</strong></span> <span class='ocrx_word' id='word_1_54' title='bbox 1014 2006 1090 2054; x_wconf 93' lang='lat' dir='ltr'><strong>non</strong></span> <span class='ocrx_word' id='word_1_55' title='bbox 1104 1982 1154 2053; x_wconf 86' lang='lat' dir='ltr'><strong>sit</strong></span> <span class='ocrx_word' id='word_1_56' title='bbox 1164 1980 1334 2080; x_wconf 88' lang='lat' dir='ltr'><strong>possibile</strong></span> <span class='ocrx_word' id='word_1_57' title='bbox 1350 1978 1552 2081; x_wconf 82' lang='lat' dir='ltr'><strong>quemlibet</strong></span> <span class='ocrx_word' id='word_1_58' title='bbox 1568 1979 1762 2053; x_wconf 91' lang='lat' dir='ltr'><strong>bominum</strong></span> <span class='ocrx_word' id='word_1_59' title='bbox 1774 1988 1860 2055; x_wconf 83' lang='lat' dir='ltr'><strong>co&#39;r-</strong></span> 
     </span>
     <span class='ocr_line' id='line_1_9' title="bbox 469 2100 1861 2204; baseline 0 -29"><span class='ocrx_word' id='word_1_60' title='bbox 469 2104 650 2203; x_wconf 84' lang='lat' dir='ltr'><strong>ruptionis</strong></span> <span class='ocrx_word' id='word_1_61' title='bbox 664 2129 737 2176; x_wconf 85' lang='lat' dir='ltr'><strong>suae</strong></span> <span class='ocrx_word' id='word_1_62' title='bbox 753 2100 871 2176; x_wconf 92' lang='lat' dir='ltr'><strong>labem</strong></span> <span class='ocrx_word' id='word_1_63' title='bbox 886 2101 1044 2203; x_wconf 79' lang='lat' dir='ltr'><strong>effugere</strong></span> <span class='ocrx_word' id='word_1_64' title='bbox 1053 2157 1064 2191; x_wconf 96' lang='lat'><strong>,</strong></span> <span class='ocrx_word' id='word_1_65' title='bbox 1081 2104 1356 2204; x_wconf 90' lang='lat' dir='ltr'><strong>immunemque</strong></span> <span class='ocrx_word' id='word_1_66' title='bbox 1372 2104 1506 2203; x_wconf 89' lang='lat' dir='ltr'><strong>peccati</strong></span> <span class='ocrx_word' id='word_1_67' title='bbox 1523 2104 1563 2174; x_wconf 93' lang='lat' dir='ltr'><strong>in</strong></span> <span class='ocrx_word' id='word_1_68' title='bbox 1578 2101 1644 2175; x_wconf 86' lang='lat' dir='ltr'><strong>bae</strong></span> <span class='ocrx_word' id='word_1_69' title='bbox 1655 2101 1861 2202; x_wconf 72' lang='lat' dir='ltr'><strong>corruptela</strong></span> 
     </span>
     <span class='ocr_line' id='line_1_10' title="bbox 469 2224 1863 2326; baseline 0.002 -30"><span class='ocrx_word' id='word_1_70' title='bbox 469 2229 609 2314; x_wconf 81' lang='lat' dir='ltr'><strong>vivere,</strong></span> <span class='ocrx_word' id='word_1_71' title='bbox 633 2225 794 2326; x_wconf 84' lang='lat' dir='ltr'><strong>providit</strong></span> <span class='ocrx_word' id='word_1_72' title='bbox 814 2227 896 2325; x_wconf 87' lang='lat' dir='ltr'><strong>pius</strong></span> <span class='ocrx_word' id='word_1_73' title='bbox 917 2241 953 2299; x_wconf 85' lang='lat' dir='ltr'><strong>et</strong></span> <span class='ocrx_word' id='word_1_74' title='bbox 975 2226 1180 2300; x_wconf 86' lang='lat' dir='ltr'><strong>misericors</strong></span> <span class='ocrx_word' id='word_1_75' title='bbox 1198 2224 1369 2325; x_wconf 74' lang='lat' dir='ltr'><strong>quasdam</strong></span> <span class='ocrx_word' id='word_1_76' title='bbox 1390 2227 1595 2300; x_wconf 84' lang='lat' dir='ltr'><strong>occasiones</strong></span> <span class='ocrx_word' id='word_1_77' title='bbox 1619 2251 1680 2299; x_wconf 92' lang='lat' dir='ltr'><strong>seu</strong></span> <span class='ocrx_word' id='word_1_78' title='bbox 1702 2240 1863 2326; x_wconf 76' lang='lat' dir='ltr'><strong>opo1tu·</strong></span> 
     </span>
     <span class='ocr_line' id='line_1_11' title="bbox 470 2346 1861 2448; baseline 0.001 -29"><span class='ocrx_word' id='word_1_79' title='bbox 470 2351 599 2422; x_wconf 90' lang='lat' dir='ltr'><strong>nitates</strong></span> <span class='ocrx_word' id='word_1_80' title='bbox 617 2346 768 2448; x_wconf 88' lang='lat' dir='ltr'><strong>quibus,</strong></span> <span class='ocrx_word' id='word_1_81' title='bbox 796 2348 905 2447; x_wconf 81' lang='lat' dir='ltr'><strong>ipsius</strong></span> <span class='ocrx_word' id='word_1_82' title='bbox 930 2348 1214 2446; x_wconf 79' lang='lat' dir='ltr'><strong>propiciatione,</strong></span> <span class='ocrx_word' id='word_1_83' title='bbox 1241 2364 1364 2422; x_wconf 84' lang='lat' dir='ltr'><strong>nostra</strong></span> <span class='ocrx_word' id='word_1_84' title='bbox 1391 2346 1496 2423; x_wconf 83' lang='lat' dir='ltr'><strong>facile</strong></span> <span class='ocrx_word' id='word_1_85' title='bbox 1517 2348 1696 2420; x_wconf 85' lang='lat' dir='ltr'><strong>valeamus</strong></span> <span class='ocrx_word' id='word_1_86' title='bbox 1717 2362 1861 2448; x_wconf 84' lang='lat' dir='ltr'><strong>peccata</strong></span> 
     </span>
     <span class='ocr_line' id='line_1_12' title="bbox 469 2465 1861 2568; baseline -0.001 -26"><span class='ocrx_word' id='word_1_87' title='bbox 469 2469 657 2542; x_wconf 86' lang='lat' dir='ltr'><strong>redimere.</strong></span> <span class='ocrx_word' id='word_1_88' title='bbox 687 2468 719 2539; x_wconf 85' lang='lat' dir='ltr'><strong>E</strong></span> <span class='ocrx_word' id='word_1_89' title='bbox 743 2467 877 2568; x_wconf 84' lang='lat' dir='ltr'><strong>quibus</strong></span> <span class='ocrx_word' id='word_1_90' title='bbox 899 2466 1069 2542; x_wconf 90' lang='lat' dir='ltr'><strong>omnibus</strong></span> <span class='ocrx_word' id='word_1_91' title='bbox 1095 2469 1154 2540; x_wconf 90' lang='lat' dir='ltr'><strong>illa</strong></span> <span class='ocrx_word' id='word_1_92' title='bbox 1178 2468 1250 2543; x_wconf 92' lang='lat' dir='ltr'><strong>duo</strong></span> <span class='ocrx_word' id='word_1_93' title='bbox 1273 2470 1416 2541; x_wconf 84' lang='lat' dir='ltr'><strong>suavius</strong></span> <span class='ocrx_word' id='word_1_94' title='bbox 1436 2467 1604 2541; x_wconf 87' lang='lat' dir='ltr'><strong>redolent</strong></span> <span class='ocrx_word' id='word_1_95' title='bbox 1624 2465 1861 2541; x_wconf 86' lang='lat' dir='ltr'><strong>medicamina</strong></span> 
     </span>
     <span class='ocr_line' id='line_1_13' title="bbox 470 2589 1862 2691; baseline 0.001 -28"><span class='ocrx_word' id='word_1_96' title='bbox 470 2591 649 2690; x_wconf 78' lang='lat' dir='ltr'><strong>egrotanti</strong></span> <span class='ocrx_word' id='word_1_97' title='bbox 666 2591 785 2663; x_wconf 89' lang='lat' dir='ltr'><strong>anime</strong></span> <span class='ocrx_word' id='word_1_98' title='bbox 800 2591 989 2690; x_wconf 80' lang='lat' dir='ltr'><strong>&#39;specialius</strong></span> <span class='ocrx_word' id='word_1_99' title='bbox 1005 2591 1216 2677; x_wconf 86' lang='lat' dir='ltr'><strong>familiaria,</strong></span> <span class='ocrx_word' id='word_1_100' title='bbox 1242 2590 1286 2664; x_wconf 91' lang='lat' dir='ltr'><strong>de</strong></span> <span class='ocrx_word' id='word_1_101' title='bbox 1308 2589 1441 2691; x_wconf 90' lang='lat' dir='ltr'><strong>quibus</strong></span> <span class='ocrx_word' id='word_1_102' title='bbox 1465 2592 1574 2690; x_wconf 91' lang='lat' dir='ltr'><strong>ipsius</strong></span> <span class='ocrx_word' id='word_1_103' title='bbox 1599 2591 1760 2663; x_wconf 84' lang='lat' dir='ltr'><strong>veritatis</strong></span> <span class='ocrx_word' id='word_1_104' title='bbox 1790 2616 1862 2666; x_wconf 83' lang='lat' dir='ltr'><strong>vox</strong></span> 
     </span>
     <span class='ocr_line' id='line_1_14' title="bbox 470 2711 1864 2810; baseline -0.002 -23"><span class='ocrx_word' id='word_1_105' title='bbox 470 2716 520 2787; x_wconf 90' lang='lat' dir='ltr'><strong>sic</strong></span> <span class='ocrx_word' id='word_1_106' title='bbox 546 2714 708 2785; x_wconf 86' lang='lat' dir='ltr'><strong>intonuit</strong></span> <span class='ocrx_word' id='word_1_107' title='bbox 731 2711 861 2784; x_wconf 80' lang='lat' dir='ltr'><strong>beata:</strong></span> <span class='ocrx_word' id='word_1_108' title='bbox 878 2713 1060 2784; x_wconf 81' lang='lat' dir='ltr'><strong>Dimittite</strong></span> <span class='ocrx_word' id='word_1_109' title='bbox 1083 2729 1117 2784; x_wconf 88' lang='lat' dir='ltr'><strong>et</strong></span> <span class='ocrx_word' id='word_1_110' title='bbox 1142 2712 1345 2784; x_wconf 81' lang='lat' dir='ltr'><strong>dimittetur</strong></span> <span class='ocrx_word' id='word_1_111' title='bbox 1368 2711 1483 2784; x_wconf 83' lang='lat' dir='ltr'><strong>vobis.</strong></span> <span class='ocrx_word' id='word_1_112' title='bbox 1511 2714 1625 2810; x_wconf 85' lang='lat' dir='ltr'><strong>Hujus</strong></span> <span class='ocrx_word' id='word_1_113' title='bbox 1650 2712 1763 2810; x_wconf 77' lang='lat' dir='ltr'><strong>igitur</strong></span> <span class='ocrx_word' id='word_1_114' title='bbox 1788 2726 1864 2784; x_wconf 86' lang='lat' dir='ltr'><strong>tam</strong></span> 
     </span>
     <span class='ocr_line' id='line_1_15' title="bbox 469 2830 1862 2934; baseline 0.004 -30"><span class='ocrx_word' id='word_1_115' title='bbox 469 2833 652 2934; x_wconf 72' lang='lat' dir='ltr'><strong>praeclarae</strong></span> <span class='ocrx_word' id='word_1_116' title='bbox 674 2832 948 2931; x_wconf 84' lang='lat' dir='ltr'><strong>pollicitationis</strong></span> <span class='ocrx_word' id='word_1_117' title='bbox 969 2832 1159 2904; x_wconf 81' lang='lat' dir='ltr'><strong>veritatem</strong></span> <span class='ocrx_word' id='word_1_118' title='bbox 1180 2830 1394 2907; x_wconf 88' lang='lat' dir='ltr'><strong>obedienter</strong></span> <span class='ocrx_word' id='word_1_119' title='bbox 1419 2834 1615 2933; x_wconf 86' lang='lat' dir='ltr'><strong>accipiens,</strong></span> <span class='ocrx_word' id='word_1_120' title='bbox 1632 2832 1708 2907; x_wconf 90' lang='lat' dir='ltr'><strong>zelo</strong></span> <span class='ocrx_word' id='word_1_121' title='bbox 1733 2832 1862 2909; x_wconf 84' lang='lat' dir='ltr'><strong>domus</strong></span> 
     </span>
     <span class='ocr_line' id='line_1_16' title="bbox 467 2951 1864 3053; baseline 0 -28"><span class='ocrx_word' id='word_1_122' title='bbox 467 2957 532 3028; x_wconf 88' lang='lat' dir='ltr'><strong>Dei</strong></span> <span class='ocrx_word' id='word_1_123' title='bbox 551 2953 800 3044; x_wconf 83' lang='lat' dir='ltr'><strong>exardescens,</strong></span> <span class='ocrx_word' id='word_1_124' title='bbox 821 2952 963 3026; x_wconf 85' lang='lat' dir='ltr'><strong>infinita</strong></span> <span class='ocrx_word' id='word_1_125' title='bbox 986 2952 1148 3027; x_wconf 88' lang='lat' dir='ltr'><strong>fidelium</strong></span> <span class='ocrx_word' id='word_1_126' title='bbox 1166 2951 1311 3028; x_wconf 86' lang='lat' dir='ltr'><strong>devotio</strong></span> <span class='ocrx_word' id='word_1_127' title='bbox 1335 2952 1443 3026; x_wconf 91' lang='lat' dir='ltr'><strong>laude·</strong></span> <span class='ocrx_word' id='word_1_128' title='bbox 1455 2967 1492 3026; x_wconf 91' lang='lat' dir='ltr'><strong>et</strong></span> <span class='ocrx_word' id='word_1_129' title='bbox 1507 2955 1709 3028; x_wconf 88' lang='lat' dir='ltr'><strong>imitatione</strong></span> <span class='ocrx_word' id='word_1_130' title='bbox 1723 2951 1864 3053; x_wconf 79' lang='lat' dir='ltr'><strong>dignis-</strong></span> 
     </span>
     <span class='ocr_line' id='line_1_17' title="bbox 468 3074 1862 3176; baseline 0 -28"><span class='ocrx_word' id='word_1_131' title='bbox 468 3079 573 3166; x_wconf 88' lang='lat' dir='ltr'><strong>sima,</strong></span> <span class='ocrx_word' id='word_1_132' title='bbox 596 3091 724 3176; x_wconf 84' lang='lat' dir='ltr'><strong>utpote</strong></span> <span class='ocrx_word' id='word_1_133' title='bbox 741 3074 807 3148; x_wconf 90' lang='lat' dir='ltr'><strong>filii</strong></span> <span class='ocrx_word' id='word_1_134' title='bbox 831 3075 1000 3148; x_wconf 82' lang='lat' dir='ltr'><strong>aecclesioe</strong></span> <span class='ocrx_word' id='word_1_135' title='bbox 1022 3074 1239 3175; x_wconf 90' lang='lat' dir='ltr'><strong>amplissima</strong></span> <span class='ocrx_word' id='word_1_136' title='bbox 1257 3075 1480 3175; x_wconf 77' lang='lat' dir='ltr'><strong>praediorum</strong></span> <span class='ocrx_word' id='word_1_137' title='bbox 1498 3102 1649 3151; x_wconf 91' lang='lat' dir='ltr'><strong>suorum</strong></span> <span class='ocrx_word' id='word_1_138' title='bbox 1668 3076 1862 3176; x_wconf 83' lang='lat' dir='ltr'><strong>largitione</strong></span> 
     </span>
     <span class='ocr_line' id='line_1_18' title="bbox 467 3195 1860 3299; baseline -0.001 -27"><span class='ocrx_word' id='word_1_139' title='bbox 467 3226 545 3272; x_wconf 91' lang='lat' dir='ltr'><strong>earn</strong></span> <span class='ocrx_word' id='word_1_140' title='bbox 569 3198 797 3286; x_wconf 88' lang='lat' dir='ltr'><strong>ditaverunt,</strong></span> <span class='ocrx_word' id='word_1_141' title='bbox 825 3196 1065 3299; x_wconf 85' lang='lat' dir='ltr'><strong>pluribusque</strong></span> <span class='ocrx_word' id='word_1_142' title='bbox 1088 3198 1323 3298; x_wconf 86' lang='lat' dir='ltr'><strong>proprietatis</strong></span> <span class='ocrx_word' id='word_1_143' title='bbox 1348 3223 1422 3295; x_wconf 67' lang='lat' dir='ltr'><strong>suae</strong></span> <span class='ocrx_word' id='word_1_144' title='bbox 1449 3224 1527 3271; x_wconf 91' lang='lat' dir='ltr'><strong>eam</strong></span> <span class='ocrx_word' id='word_1_145' title='bbox 1554 3195 1860 3298; x_wconf 80' lang='lat' dir='ltr'><strong>sublimaverunt,</strong></span> 
     </span>
     <span class='ocr_line' id='line_1_19' title="bbox 467 3312 1863 3425; baseline 0.001 -33"><span class='ocrx_word' id='word_1_146' title='bbox 467 3320 599 3422; x_wconf 91' lang='lat' dir='ltr'><strong>quibus</strong></span> <span class='ocrx_word' id='word_1_147' title='bbox 613 3323 649 3395; x_wconf 94' lang='lat' dir='ltr'><strong>in</strong></span> <span class='ocrx_word' id='word_1_148' title='bbox 663 3320 733 3395; x_wconf 87' lang='lat' dir='ltr'><strong>hoo</strong></span> <span class='ocrx_word' id='word_1_149' title='bbox 746 3338 953 3420; x_wconf 91' lang='lat' dir='ltr'><strong>temporum</strong></span> <span class='ocrx_word' id='word_1_150' title='bbox 966 3346 1073 3392; x_wconf 89' lang='lat' dir='ltr'><strong>cursu</strong></span> <span class='ocrx_word' id='word_1_151' title='bbox 1085 3347 1129 3394; x_wconf 85' lang='lat' dir='ltr'><strong>ex</strong></span> <span class='ocrx_word' id='word_1_152' title='bbox 1142 3318 1212 3393; x_wconf 92' lang='lat' dir='ltr'><strong>fide</strong></span> <span class='ocrx_word' id='word_1_153' title='bbox 1222 3312 1346 3407; x_wconf 80' lang='lat' dir='ltr'><strong>vivens</strong></span> <span class='ocrx_word' id='word_1_154' title='bbox 1359 3319 1458 3391; x_wconf 90' lang='lat' dir='ltr'><strong>illam</strong></span> <span class='ocrx_word' id='word_1_155' title='bbox 1472 3318 1703 3393; x_wconf 86' lang='lat' dir='ltr'><strong>stabilitatem</strong></span> <span class='ocrx_word' id='word_1_156' title='bbox 1715 3335 1863 3425; x_wconf 69' lang='lat' dir='ltr'><strong>aeternee</strong></span> 
     </span>
     <span class='ocr_line' id='line_1_20' title="bbox 468 3418 1863 3543; baseline 0.001 -28"><span class='ocrx_word' id='word_1_157' title='bbox 468 3418 636 3543; x_wconf 76' lang='lat' dir='ltr'><strong>sedis⁰per</strong></span> <span class='ocrx_word' id='word_1_158' title='bbox 648 3444 862 3543; x_wconf 90' lang='lat' dir='ltr'><strong>patientiam</strong></span> <span class='ocrx_word' id='word_1_159' title='bbox 878 3458 1084 3541; x_wconf 84' lang='lat' dir='ltr'><strong>expectans,</strong></span> <span class='ocrx_word' id='word_1_160' title='bbox 1104 3443 1225 3514; x_wconf 91' lang='lat' dir='ltr'><strong>omnia</strong></span> <span class='ocrx_word' id='word_1_161' title='bbox 1238 3455 1358 3513; x_wconf 86' lang='lat' dir='ltr'><strong>sancta</strong></span> <span class='ocrx_word' id='word_1_162' title='bbox 1374 3456 1412 3514; x_wconf 90' lang='lat' dir='ltr'><strong>et</strong></span> <span class='ocrx_word' id='word_1_163' title='bbox 1426 3443 1521 3537; x_wconf 86' lang='lat' dir='ltr'><strong>justa</strong></span> <span class='ocrx_word' id='word_1_164' title='bbox 1533 3447 1682 3542; x_wconf 89' lang='lat' dir='ltr'><strong>Deoque</strong></span> <span class='ocrx_word' id='word_1_165' title='bbox 1697 3440 1863 3516; x_wconf 92' lang='lat' dir='ltr'><strong>amabilia</strong></span> 
     </span>
     <span class='ocr_line' id='line_1_21' title="bbox 467 3563 1864 3666; baseline 0.001 -28"><span class='ocrx_word' id='word_1_166' title='bbox 467 3567 672 3665; x_wconf 88' lang='lat' dir='ltr'><strong>plenissime</strong></span> <span class='ocrx_word' id='word_1_167' title='bbox 692 3563 891 3664; x_wconf 89' lang='lat' dir='ltr'><strong>dispensat,</strong></span> <span class='ocrx_word' id='word_1_168' title='bbox 913 3565 1019 3636; x_wconf 88' lang='lat' dir='ltr'><strong>variis</strong></span> <span class='ocrx_word' id='word_1_169' title='bbox 1038 3563 1161 3637; x_wconf 89' lang='lat' dir='ltr'><strong>usibus</strong></span> <span class='ocrx_word' id='word_1_170' title='bbox 1178 3564 1383 3664; x_wconf 89' lang='lat' dir='ltr'><strong>profutura.</strong></span> <span class='ocrx_word' id='word_1_171' title='bbox 1407 3564 1584 3637; x_wconf 86' lang='lat' dir='ltr'><strong>Exultant</strong></span> <span class='ocrx_word' id='word_1_172' title='bbox 1604 3592 1691 3666; x_wconf 79' lang='lat' dir='ltr'><strong>ergo</strong></span> <span class='ocrx_word' id='word_1_173' title='bbox 1704 3570 1780 3665; x_wconf 83' lang='lat' dir='ltr'><strong>jam</strong></span> <span class='ocrx_word' id='word_1_174' title='bbox 1801 3592 1864 3666; x_wconf 87' lang='lat' dir='ltr'><strong>spe</strong></span> 
     </span>
     <span class='ocr_line' id='line_1_22' title="bbox 468 3686 1863 3788; baseline 0.002 -28"><span class='ocrx_word' id='word_1_175' title='bbox 468 3688 720 3788; x_wconf 88' lang='lat' dir='ltr'><strong>prestantioris</strong></span> <span class='ocrx_word' id='word_1_176' title='bbox 740 3687 867 3786; x_wconf 77' lang='lat' dir='ltr'><strong>gloriae</strong></span> <span class='ocrx_word' id='word_1_177' title='bbox 891 3687 929 3758; x_wconf 92' lang='lat' dir='ltr'><strong>in</strong></span> <span class='ocrx_word' id='word_1_178' title='bbox 951 3688 1159 3786; x_wconf 83' lang='lat' dir='ltr'><strong>semetipsis,</strong></span> <span class='ocrx_word' id='word_1_179' title='bbox 1174 3687 1365 3786; x_wconf 90' lang='lat' dir='ltr'><strong>impletum</strong></span> <span class='ocrx_word' id='word_1_180' title='bbox 1389 3686 1480 3759; x_wconf 93' lang='lat' dir='ltr'><strong>illud</strong></span> <span class='ocrx_word' id='word_1_181' title='bbox 1498 3688 1651 3787; x_wconf 89' lang='lat' dir='ltr'><strong>apostoli</strong></span> <span class='ocrx_word' id='word_1_182' title='bbox 1669 3689 1863 3763; x_wconf 73' lang='lat' dir='ltr'><strong>:Hilarem</strong></span> 
     </span>
     <span class='ocr_line' id='line_1_23' title="bbox 470 3807 1866 3911; baseline 0.003 -32"><span class='ocrx_word' id='word_1_183' title='bbox 470 3809 634 3882; x_wconf 86' lang='lat' dir='ltr'><strong>datorem</strong></span> <span class='ocrx_word' id='word_1_184' title='bbox 646 3808 770 3906; x_wconf 83' lang='lat' dir='ltr'><strong>diligit</strong></span> <span class='ocrx_word' id='word_1_185' title='bbox 779 3807 897 3895; x_wconf 87' lang='lat' dir='ltr'><strong>Deus,·</strong></span> <span class='ocrx_word' id='word_1_186' title='bbox 910 3807 1000 3881; x_wconf 93' lang='lat' dir='ltr'><strong>illud</strong></span> <span class='ocrx_word' id='word_1_187' title='bbox 1012 3809 1200 3882; x_wconf 80' lang='lat' dir='ltr'><strong>etiamviri</strong></span> <span class='ocrx_word' id='word_1_188' title='bbox 1211 3810 1381 3907; x_wconf 88' lang='lat' dir='ltr'><strong>sapientis</strong></span> <span class='ocrx_word' id='word_1_189' title='bbox 1394 3810 1632 3911; x_wconf 84' lang='lat' dir='ltr'><strong>:Redemptio</strong></span> <span class='ocrx_word' id='word_1_190' title='bbox 1645 3813 1781 3884; x_wconf 80' lang='lat' dir='ltr'><strong>nnrmae</strong></span> <span class='ocrx_word' id='word_1_191' title='bbox 1790 3811 1866 3884; x_wconf 82' lang='lat' dir='ltr'><strong>m&#39;ri</strong></span> 
     </span>
     <span class='ocr_line' id='line_1_24' title="bbox 471 3930 1864 4034; baseline 0.004 -32"><span class='ocrx_word' id='word_1_192' title='bbox 471 3932 608 4003; x_wconf 69' lang='lat' dir='ltr'><strong>divitiae</strong></span> <span class='ocrx_word' id='word_1_193' title='bbox 626 3930 749 4018; x_wconf 51' lang='lat' dir='ltr'><strong>illium</strong></span> <span class='ocrx_word' id='word_1_194' title='bbox 771 3945 827 4022; x_wconf 88' lang='lat' dir='ltr'><strong>et,</strong></span> <span class='ocrx_word' id='word_1_195' title='bbox 847 3933 914 4030; x_wconf 84' lang='lat' dir='ltr'><strong>qui</strong></span> <span class='ocrx_word' id='word_1_196' title='bbox 930 3931 998 4004; x_wconf 83' lang='lat' dir='ltr'><strong>dat</strong></span> <span class='ocrx_word' id='word_1_197' title='bbox 1011 3932 1234 4032; x_wconf 60' lang='lat' dir='ltr'><strong>pauperibus</strong></span> <span class='ocrx_word' id='word_1_198' title='bbox 1248 3959 1435 4032; x_wconf 83' lang='lat' dir='ltr'><strong>nunquam</strong></span> <span class='ocrx_word' id='word_1_199' title='bbox 1453 3932 1585 4034; x_wconf 80' lang='lat' dir='ltr'><strong>egebit.</strong></span> <span class='ocrx_word' id='word_1_200' title='bbox 1608 3931 1701 4005; x_wconf 91' lang='lat' dir='ltr'><strong>Illud</strong></span> <span class='ocrx_word' id='word_1_201' title='bbox 1717 3956 1864 4034; x_wconf 86' lang='lat' dir='ltr'><strong>quoque</strong></span> 
     </span>
     <span class='ocr_line' id='line_1_25' title="bbox 470 4054 1864 4159; baseline -0.001 -29"><span class='ocrx_word' id='word_1_202' title='bbox 470 4057 694 4132; x_wconf 90' lang='lat' dir='ltr'><strong>dominicum</strong></span> <span class='ocrx_word' id='word_1_203' title='bbox 715 4089 725 4129; x_wconf 75' lang='grc' dir='ltr'><strong><em>ε</em></strong></span> <span class='ocrx_word' id='word_1_204' title='bbox 744 4059 786 4130; x_wconf 90' lang='lat' dir='ltr'><em>V</em></span> <span class='ocrx_word' id='word_1_205' title='bbox 781 4071 1031 4159; x_wconf 85' lang='lat' dir='ltr'><strong>erumptamen</strong></span> <span class='ocrx_word' id='word_1_206' title='bbox 1047 4057 1134 4127; x_wconf 83' lang='lat' dir='ltr'><strong>date</strong></span> <span class='ocrx_word' id='word_1_207' title='bbox 1153 4055 1409 4146; x_wconf 84' lang='lat' dir='ltr'><strong>elemosinam,</strong></span> <span class='ocrx_word' id='word_1_208' title='bbox 1430 4073 1465 4127; x_wconf 89' lang='lat' dir='ltr'><strong>et</strong></span> <span class='ocrx_word' id='word_1_209' title='bbox 1481 4081 1565 4130; x_wconf 86' lang='lat' dir='ltr'><strong>eece</strong></span> <span class='ocrx_word' id='word_1_210' title='bbox 1580 4058 1706 4128; x_wconf 85' lang='lat' dir='ltr'><strong>omnia</strong></span> <span class='ocrx_word' id='word_1_211' title='bbox 1722 4054 1864 4129; x_wconf 81' lang='lat' dir='ltr'><strong>munda</strong></span> 
     </span>
     <span class='ocr_line' id='line_1_26' title="bbox 471 4166 1864 4277; baseline -0.004 -25"><span class='ocrx_word' id='word_1_212' title='bbox 471 4195 555 4252; x_wconf 83' lang='lat' dir='ltr'><strong>sunt</strong></span> <span class='ocrx_word' id='word_1_213' title='bbox 572 4178 696 4268; x_wconf 84' lang='lat' dir='ltr'><strong>vobis,-</strong></span> <span class='ocrx_word' id='word_1_214' title='bbox 714 4194 768 4267; x_wconf 92' lang='lat' dir='ltr'><strong>et,</strong></span> <span class='ocrx_word' id='word_1_215' title='bbox 789 4181 885 4251; x_wconf 85' lang='lat' dir='ltr'><strong>sicut</strong></span> <span class='ocrx_word' id='word_1_216' title='bbox 903 4204 1005 4277; x_wconf 81' lang='lat' dir='ltr'><strong>aqua</strong></span> <span class='ocrx_word' id='word_1_217' title='bbox 1020 4179 1202 4277; x_wconf 68' lang='lat' dir='ltr'><strong>extinguit</strong></span> <span class='ocrx_word' id='word_1_218' title='bbox 1219 4179 1359 4276; x_wconf 85' lang='lat' dir='ltr'><strong>ignem,</strong></span> <span class='ocrx_word' id='word_1_219' title='bbox 1386 4178 1439 4248; x_wconf 88' lang='lat' dir='ltr'><strong>ita</strong></span> <span class='ocrx_word' id='word_1_220' title='bbox 1458 4166 1658 4249; x_wconf 84' lang='lat' dir='ltr'><strong>elemosina</strong></span> <span class='ocrx_word' id='word_1_221' title='bbox 1681 4176 1864 4276; x_wconf 75' lang='lat' dir='ltr'><strong>extmguit</strong></span> 
     </span>
     <span class='ocr_line' id='line_1_27' title="bbox 465 4294 1863 4410; baseline -0.003 -37"><span class='ocrx_word' id='word_1_222' title='bbox 465 4317 685 4402; x_wconf 66' lang='lat' dir='ltr'><strong>peccatum·</strong></span> <span class='ocrx_word' id='word_1_223' title='bbox 706 4316 759 4387; x_wconf 90' lang='lat' dir='ltr'><strong>et,</strong></span> <span class='ocrx_word' id='word_1_224' title='bbox 783 4300 992 4410; x_wconf 79' lang='lat' dir='ltr'><strong>quisecen&#39;t</strong></span> <span class='ocrx_word' id='word_1_225' title='bbox 1007 4301 1074 4370; x_wconf 84' lang='lat' dir='ltr'><strong>uni</strong></span> <span class='ocrx_word' id='word_1_226' title='bbox 1088 4326 1136 4371; x_wconf 72' lang='lat' dir='ltr'><strong>ear</strong></span> <span class='ocrx_word' id='word_1_227' title='bbox 1154 4300 1315 4370; x_wconf 87' lang='lat' dir='ltr'><strong>minimis</strong></span> <span class='ocrx_word' id='word_1_228' title='bbox 1330 4301 1438 4385; x_wconf 87' lang='lat' dir='ltr'><strong>meis,</strong></span> <span class='ocrx_word' id='word_1_229' title='bbox 1462 4297 1575 4370; x_wconf 78' lang='lat' dir='ltr'><strong>michi</strong></span> <span class='ocrx_word' id='word_1_230' title='bbox 1584 4294 1708 4397; x_wconf 81' lang='lat' dir='ltr'><strong>facit,-</strong></span> <span class='ocrx_word' id='word_1_231' title='bbox 1725 4297 1863 4398; x_wconf 82' lang='lat' dir='ltr'><strong>aliaque</strong></span> 
     </span>
     <span class='ocr_line' id='line_1_28' title="bbox 471 4418 1864 4521; baseline -0.002 -28"><span class='ocrx_word' id='word_1_232' title='bbox 471 4423 542 4521; x_wconf 85' lang='lat' dir='ltr'><strong>piae</strong></span> <span class='ocrx_word' id='word_1_233' title='bbox 559 4419 795 4494; x_wconf 89' lang='lat' dir='ltr'><strong>adortationis</strong></span> <span class='ocrx_word' id='word_1_234' title='bbox 813 4420 1027 4518; x_wconf 82' lang='lat' dir='ltr'><strong>exemplaria</strong></span> <span class='ocrx_word' id='word_1_235' title='bbox 1047 4418 1090 4492; x_wconf 92' lang='lat' dir='ltr'><strong>de</strong></span> <span class='ocrx_word' id='word_1_236' title='bbox 1108 4418 1240 4519; x_wconf 90' lang='lat' dir='ltr'><strong>quibus</strong></span> <span class='ocrx_word' id='word_1_237' title='bbox 1258 4420 1458 4493; x_wconf 91' lang='lat' dir='ltr'><strong>innumeris</strong></span> <span class='ocrx_word' id='word_1_238' title='bbox 1480 4419 1760 4519; x_wconf 87' lang='lat' dir='ltr'><strong>perstrinximus</strong></span> <span class='ocrx_word' id='word_1_239' title='bbox 1775 4440 1864 4518; x_wconf 87' lang='lat' dir='ltr'><strong>per-</strong></span> 
     </span>
     <span class='ocr_line' id='line_1_29' title="bbox 471 4539 1864 4642; baseline -0.003 -26"><span class='ocrx_word' id='word_1_240' title='bbox 471 4569 581 4642; x_wconf 91' lang='lat' dir='ltr'><strong>pauca</strong></span> <span class='ocrx_word' id='word_1_241' title='bbox 607 4539 809 4641; x_wconf 88' lang='lat' dir='ltr'><strong>compendii</strong></span> <span class='ocrx_word' id='word_1_242' title='bbox 836 4567 950 4614; x_wconf 89' lang='lat' dir='ltr'><strong>causa.</strong></span> <span class='ocrx_word' id='word_1_243' title='bbox 979 4540 1084 4613; x_wconf 91' lang='lat' dir='ltr'><strong>Unde</strong></span> <span class='ocrx_word' id='word_1_244' title='bbox 1111 4557 1147 4612; x_wconf 92' lang='lat' dir='ltr'><strong>et</strong></span> <span class='ocrx_word' id='word_1_245' title='bbox 1169 4566 1236 4640; x_wconf 81' lang='lat' dir='ltr'><strong>ego</strong></span> <span class='ocrx_word' id='word_1_246' title='bbox 1253 4539 1427 4615; x_wconf 83' lang='lat' dir='ltr'><strong>Vivianus</strong></span> <span class='ocrx_word' id='word_1_247' title='bbox 1448 4556 1545 4613; x_wconf 90' lang='lat' dir='ltr'><strong>tanta</strong></span> <span class='ocrx_word' id='word_1_248' title='bbox 1568 4539 1743 4614; x_wconf 88' lang='lat' dir='ltr'><strong>beneficia</strong></span> <span class='ocrx_word' id='word_1_249' title='bbox 1766 4556 1864 4612; x_wconf 91' lang='lat' dir='ltr'><strong>tam-</strong></span> 
     </span>
     <span class='ocr_line' id='line_1_30' title="bbox 471 4659 1864 4764; baseline -0.003 -28"><span class='ocrx_word' id='word_1_250' title='bbox 471 4690 542 4764; x_wconf 87' lang='lat' dir='ltr'><strong>que</strong></span> <span class='ocrx_word' id='word_1_251' title='bbox 573 4664 740 4764; x_wconf 81' lang='lat' dir='ltr'><strong>praeclara</strong></span> <span class='ocrx_word' id='word_1_252' title='bbox 771 4662 920 4762; x_wconf 88' lang='lat' dir='ltr'><strong>piissimi</strong></span> <span class='ocrx_word' id='word_1_253' title='bbox 953 4659 1161 4735; x_wconf 88' lang='lat' dir='ltr'><strong>Conditoris</strong></span> <span class='ocrx_word' id='word_1_254' title='bbox 1190 4661 1427 4735; x_wconf 89' lang='lat' dir='ltr'><strong>medicamina</strong></span> <span class='ocrx_word' id='word_1_255' title='bbox 1455 4664 1540 4736; x_wconf 88' lang='lat' dir='ltr'><strong>totis</strong></span> <span class='ocrx_word' id='word_1_256' title='bbox 1563 4661 1701 4733; x_wconf 88' lang='lat' dir='ltr'><strong>nisibus</strong></span> <span class='ocrx_word' id='word_1_257' title='bbox 1729 4660 1864 4734; x_wconf 90' lang='lat' dir='ltr'><strong>michi-</strong></span> 
     </span>
     <span class='ocr_line' id='line_1_31' title="bbox 454 4768 1863 4885; baseline 0.001 -28"><span class='ocrx_word' id='word_1_258' title='bbox 454 4768 464 4842; x_wconf 80' lang='lat'><strong>‘.</strong></span> <span class='ocrx_word' id='word_1_259' title='bbox 472 4803 547 4860; x_wconf 89' lang='lat' dir='ltr'><strong>met</strong></span> <span class='ocrx_word' id='word_1_260' title='bbox 579 4785 757 4885; x_wconf 78' lang='lat' dir='ltr'><strong>indulgeri</strong></span> <span class='ocrx_word' id='word_1_261' title='bbox 788 4786 958 4884; x_wconf 89' lang='lat' dir='ltr'><strong>cupiens,</strong></span> <span class='ocrx_word' id='word_1_262' title='bbox 991 4808 1118 4857; x_wconf 89' lang='lat' dir='ltr'><strong>eorum</strong></span> <span class='ocrx_word' id='word_1_263' title='bbox 1146 4806 1250 4884; x_wconf 62' lang='lat' dir='ltr'><strong>quosv</strong></span> <span class='ocrx_word' id='word_1_264' title='bbox 1265 4782 1535 4885; x_wconf 87' lang='lat' dir='ltr'><strong>praelibavimus</strong></span> <span class='ocrx_word' id='word_1_265' title='bbox 1566 4785 1728 4884; x_wconf 84' lang='lat' dir='ltr'><strong>exempla</strong></span> <span class='ocrx_word' id='word_1_266' title='bbox 1756 4810 1863 4858; x_wconf 87' lang='lat' dir='ltr'><strong>secu-</strong></span> 
     </span>
     <span class='ocr_line' id='line_1_32' title="bbox 475 4904 1862 5008; baseline -0.001 -28"><span class='ocrx_word' id='word_1_267' title='bbox 475 4926 551 4996; x_wconf 90' lang='lat' dir='ltr'><strong>tus,</strong></span> <span class='ocrx_word' id='word_1_268' title='bbox 569 4906 801 4984; x_wconf 86' lang='lat' dir='ltr'><strong>deliberando</strong></span> <span class='ocrx_word' id='word_1_269' title='bbox 818 4907 856 4979; x_wconf 92' lang='lat' dir='ltr'><strong>in</strong></span> <span class='ocrx_word' id='word_1_270' title='bbox 875 4907 982 4981; x_wconf 92' lang='lat' dir='ltr'><strong>corde</strong></span> <span class='ocrx_word' id='word_1_271' title='bbox 1000 4933 1081 4982; x_wconf 93' lang='lat' dir='ltr'><strong>meo</strong></span> <span class='ocrx_word' id='word_1_272' title='bbox 1098 4909 1270 5007; x_wconf 90' lang='lat' dir='ltr'><strong>proposui</strong></span> <span class='ocrx_word' id='word_1_273' title='bbox 1292 4934 1332 4980; x_wconf 91' lang='lat' dir='ltr'><strong>ac</strong></span> <span class='ocrx_word' id='word_1_274' title='bbox 1350 4906 1590 5008; x_wconf 90' lang='lat' dir='ltr'><strong>proponendo</strong></span> <span class='ocrx_word' id='word_1_275' title='bbox 1606 4904 1798 4981; x_wconf 85' lang='lat' dir='ltr'><strong>deliberavi</strong></span> <span class='ocrx_word' id='word_1_276' title='bbox 1818 4930 1862 4978; x_wconf 86' lang='lat' dir='ltr'><strong>ex</strong></span> 
     </span>
    </p>
   </div>
   <div class='ocr_carea' id='block_1_7' title="bbox 0 0 2220 6116">
    <p class='ocr_par' dir='ltr' id='par_1_7' title="bbox 0 0 2220 6116">
     <span class='ocr_line' id='line_1_33' title="bbox 0 0 2220 6116; baseline 0 0"><span class='ocrx_word' id='word_1_277' title='bbox 0 0 2220 6116; x_wconf 95' lang='lat' dir='ltr'><strong> </strong></span> 
     </span>
    </p>
   </div>
  </div>
 </body>
</html>
