4462 6120
465 736 532 823 aaa
785 690 790 700 ¹
984 742 1331 822 nonasrnmun
1440 780 1445 789 ·

460 899 652 988 dilatione,
680 921 827 971 censum
853 894 1066 984 redderent,
1090 893 1254 994 quinque
1269 893 1406 968 scilicet
1426 895 1494 969 sol.
1516 918 1769 980 nummorum
1788 896 1853 993 qui

460 1022 487 1091 si
512 1012 734 1119 negligent&
756 1019 794 1091 in
812 1015 998 1092 reddendo
1015 1016 1227 1107 extiterint,
1252 1016 1415 1118 legaliter
1430 1014 1643 1103 mendant,
1662 1030 1699 1093 et
1718 1033 1853 1090 terram

460 1168 536 1215 non
554 1138 709 1241 perdunt
718 1195 731 1233 ,
747 1141 863 1215 donec
878 1138 1022 1239 deliciet
1034 1138 1173 1211 tercius
1191 1139 1306 1214 berea.
1327 1140 1465 1214 Placuit
1481 1140 1592 1216 ctiam
1610 1137 1695 1213 buic
1711 1140 1853 1239 paginae

460 1279 595 1336 cartam
616 1261 785 1336 Girvardi
811 1263 990 1348 inserere,
1007 1286 1118 1360 quam
1138 1246 1250 1361 super
1264 1261 1376 1335 altare
1394 1263 1506 1336 uncti
1525 1261 1642 1353 Petri,
1664 1258 1853 1360 preafatam

461 1405 592 1460 tenum
608 1386 718 1479 dans,
737 1387 872 1486 posuit.
892 1383 932 1454 »ὲ

839 1643 1206 1771 carrrunnn
1236 1642 1466 1730 tumn.

876 1896 920 1954 De
934 1894 1018 1954 alodo
1032 1906 1130 1975 empto
1143 1915 1160 1952 a
1174 1892 1319 1953 Girvardo
1334 1893 1436 1952 milite.

510 2158 528 2192 a
544 2128 600 2197 ln'
619 2127 683 2198 Dei
699 2128 860 2198 nomine.
882 2124 1019 2198 Notum
1038 2148 1111 2197 esse
1127 2122 1295 2196 volumus
1314 2122 1455 2195 cunctis
1468 2120 1653 2213 fidelibus,
1670 2137 1740 2193 tam
1757 2149 1853 2221 prae-

459 2246 619 2320 sentibus
636 2273 744 2347 quam
763 2245 916 2351 futuris,
934 2271 1001 2345 ego
1014 2244 1180 2317 videlicet
1194 2242 1406 2317 Lambertus
1416 2296 1428 2333 ,
1449 2241 1545 2314 filius
1561 2240 1750 2333 Ansberti,
1768 2269 1853 2314 cum

458 2365 658 2467 Girberga,
688 2395 813 2442 sorore
838 2393 914 2440 mea
928 2422 945 2463 ,d
967 2392 1110 2442 necnon
1123 2351 1176 2440 *et
1197 2366 1416 2465 propinquis
1439 2365 1573 2437 nostris
1597 2363 1791 2465 Guaningo
1816 2384 1853 2438 et

460 2488 541 2560 filiis
568 2494 642 2587 ejus
665 2484 842 2563 Gadilone
865 2498 974 2591 atque
999 2492 1158 2589 lngone,
1190 2506 1226 2562 et
1254 2487 1326 2560 filia
1352 2485 1550 2585 Girberga,
1578 2487 1660 2584 quia
1685 2500 1854 2558 nostrum

458 2609 623 2703 alodum,
641 2637 750 2711 quem
768 2611 805 2683 in
822 2610 1010 2684 territorio
1025 2609 1254 2684 corbonensi
1275 2626 1422 2682 actenus
1439 2606 1656 2682 hereditario
1668 2609 1751 2706 jure
1767 2632 1853 2705 pos-
1955 2658 1958 2663 ι

457 2729 635 2823 sedimus,
660 2729 840 2835 Girvardo
866 2732 975 2805 militi
1002 2732 1180 2832 fratrique
1206 2757 1271 2805 suo
1296 2729 1533 2820 Gertranno,
1560 2727 1678 2803 Odoni
1703 2753 1852 2829 quoque

457 2870 565 2953 atque
590 2854 791 2954 lldegarin,
822 2854 1110 2928 transfundendo
1135 2853 1388 2942 distrahimns3
1417 2855 1631 2953 accipientes
1658 2852 1781 2926 abeis
1812 2855 1852 2925 in

458 2991 609 3075 argento
618 2977 745 3049 XXlll
755 2976 1148 3055 solidosuummorum.
1161 2977 1227 3049 Est
1238 2992 1358 3050 autem
1370 2975 1494 3050 alodus
1507 2977 1595 3075 ipse,
1609 3002 1719 3076 quesn
1729 2975 1852 3049 vendi·

458 3125 556 3190 mus,
577 3090 716 3172 invilla
734 3098 900 3174 Condato
919 3099 1087 3189 nomine,
1105 3123 1189 3170 cum
1207 3100 1312 3172 terris
1330 3101 1437 3171 cultis
1451 3115 1488 3171 et
1504 3098 1669 3190 incultis,
1688 3100 1800 3197 pratis
1816 3116 1853 3172 et

457 3221 613 3319 pascuis,
633 3244 784 3321 areaque
800 3219 1002 3292 molendini
1017 3219 1127 3290 unius
1142 3244 1250 3318 super
1263 3216 1424 3291 Odanam
1441 3217 1715 3308 flavium,·cum
1731 3222 1854 3291 omni-

457 3341 523 3414 bus
540 3339 859 3416 terminationibus
873 3340 958 3429 suis,
975 3339 1245 3439 pertinentibus
1260 3339 1304 3412 nd
1319 3340 1437 3438 ipsum
1450 3339 1610 3412 alodum.
1627 3342 1669 3413 ln
1683 3341 1852 3415 Rorredo

457 3468 593 3566 quippe
610 3452 697 3537 villi
716 3481 769 3538 est
787 3489 931 3536 mansus
948 3489 1043 3536 unus
1063 3489 1147 3536 cum
1165 3465 1270 3537 terris
1287 3478 1324 3538 et
1340 3465 1472 3563 pratis,
1490 3464 1677 3563 pertinens
1697 3464 1740 3537 ad
1756 3490 1852 3564 paue-

456 3586 571 3660 fatum
585 3585 741 3661 alodum.
758 3587 903 3687 ltaque,
923 3587 961 3658 in
977 3610 1170 3660 commune
1185 3585 1497 3661 consentientibus
1511 3587 1683 3661 omnibus
1698 3590 1852 3688 propin·

456 3712 536 3808 quis
555 3710 709 3801 nostris,
728 3706 910 3809 praedictis
931 3709 1017 3781 viris
1035 3735 1074 3783 ea
1092 3708 1233 3784 ratione
1251 3698 1426 3782 tradimus
1442 3735 1483 3782 ac
1499 3709 1688 3783 vendimus
1705 3709 1852 3785 alodum

457 3848 639 3922 nostrum,
653 3846 711 3922 ut,
725 3830 770 3902 ab
790 3827 962 3905 hodierna
976 3830 1034 3904 die
1044 3847 1081 3904 et
1095 3830 1276 3930 deinceps,
1295 3828 1451 3935 eundem
1467 3830 1613 3904 alodum
1630 3829 1850 3932 possideant,

456 3970 741 4054 potestatemque
771 3951 926 4027 babeant
949 3953 1126 4028 vettdendi
1157 3972 1193 4030 et
1219 3952 1327 4027 dandi
1354 3953 1411 4027 cui
1437 3955 1646 4046 voluerint,
1674 3956 1750 4028 sine
1779 3955 1851 4028 ulla

456 4076 635 4149 calunnia.
657 4076 892 4167 Terminatur
916 4073 1074 4177 denique
1097 4076 1142 4148 ab
1165 4102 1241 4150 uno
1265 4077 1376 4158 latere
1394 4075 1517 4150 Odana
1539 4076 1670 4167 fluvi03
1692 4077 1850 4152 secundo

457 4198 585 4303 latere,
610 4199 666 4270 via
685 4195 856 4299 publica;
882 4198 1019 4291 tercio,
1044 4214 1138 4272 terra
1162 4200 1275 4273 sancti
1305 4204 1544 4286 launomam
1568 4214 1722 4300 quarto,
1744 4198 1850 4272 alodo

455 4320 665 4395 Ruinnaldi.
681 4321 718 4393 si
732 4322 814 4420 quis
824 4335 946 4394 autem
955 4319 1131 4395 heredum
1137 4337 1350 4396 nostrorum
1361 4319 1453 4392 hanc
1463 4318 1711 4396 venditionem
1722 4321 1852 4393 infrin-

455 4470 539 4542 gere
566 4442 623 4535 ¹vel
647 4442 893 4542 calumpniare
911 4443 1163 4545 temptaverit,
1181 4444 1271 4516 iram
1286 4443 1350 4516 Dei
1369 4444 1554 4553 incurrat,
1572 4458 1609 4517 et
1624 4441 1723 4545 quod
1742 4448 1851 4541 repe-

350 4606 356 4619 =
456 4550 555 4640 tierit
572 4591 649 4639 non
669 4566 828 4650 evincat3
844 4580 898 4639 set
915 4566 972 4637 cui
987 4564 1090 4638 litem
1103 4564 1271 4639 intulerit
1285 4563 1416 4637 libram
1432 4567 1508 4637 auri
1526 4564 1730 4664 persolvere
1745 4586 1851 4665 toga-

426 4773 427 4781 *
457 4704 529 4758 tur.
548 4687 727 4780 Quatinus
745 4703 865 4761 autem
886 4685 1029 4761 firmior
1051 4685 1127 4759 baec
1148 4703 1242 4760 carta
1260 4703 1490 4786 permaneat,
1507 4666 1674 4763 manibus
1690 4689 1850 4788 propriis
1904 4680 1906 4684 ⁸

499 4956 507 4981 ¹
524 4945 659 5005 Conlecta
672 4960 715 5009 cst
730 4947 827 5006 charta
842 4950 896 5007 ista
910 4961 1039 5028 tempore
1055 4948 1246 5029 Regenlredi,
1263 4950 1388 5029 episcopi
1402 4948 1596 5008 carnotensis.
