4462 6120
453 719 499 786 82
969 710 1315 786 MONASTERIUM

451 856 558 932 dente
569 882 714 957 quoque
728 857 837 930 etiam
850 857 887 929 in
901 854 971 931 hoc
986 856 1101 928 incliti
1120 855 1220 930 ducis
1234 856 1347 931 fidelis
1360 858 1476 932 nostri
1493 855 1633 956 Ugouis
1645 850 1837 928 favorabili

451 980 717 1067 obsecratione,
738 995 781 1052 ut
794 978 975 1082 quoddam
988 981 1248 1054 monasterium
1262 979 1364 1082 quod
1378 982 1416 1054 in
1431 977 1608 1053 suburbio
1624 989 1839 1077 praenotatur

451 1103 616 1176 videlicet
633 1104 842 1178 Carnotinae
856 1103 1010 1175 civitatis
1031 1103 1067 1175 in
1091 1101 1230 1176 honore
1247 1100 1539 1176 beatissimorum
1554 1098 1712 1174 duodeni
1729 1094 1839 1195 apicis

450 1225 659 1322 principum
675 1224 770 1297 Petri
785 1240 821 1298 et
840 1225 961 1313 Pauli,
983 1224 1058 1297 Deo
1075 1226 1262 1326 propicio,
1282 1239 1423 1299 constat
1437 1222 1612 1298 nobiliter
1623 1217 1837 1305 fundatum,

451 1370 528 1418 non
545 1345 699 1419 minimo
715 1370 824 1444 grege
841 1343 975 1418 ibidem
993 1334 1227 1444 opinabiliter
1245 1343 1431 1418 redolente
1449 1341 1733 1428 monachorum,
1753 1363 1840 1412 cou-

450 1467 668 1567 templativae
683 1469 767 1541 vitae
784 1468 1015 1567 institutione
1030 1466 1271 1567 probabiliter
1283 1467 1576 1551 retractantium,
1596 1479 1731 1538 nostrae
1748 1485 1840 1535 serc-

451 1589 574 1660 nitatis
590 1589 712 1689 aliquo
729 1615 878 1663 munere
895 1587 1088 1661 sublimius
1100 1586 1337 1689 dignaremur
1348 1584 1530 1662 decorare.
1549 1586 1615 1658 Est
1628 1584 1726 1658 enim
1740 1607 1841 1681 egm-

452 1712 552 1808 gium
565 1709 691 1799 decus,
706 1711 868 1810 eritque,
886 1709 1031 1784 Christo
1045 1707 1207 1797 favente,
1227 1711 1265 1782 in
1279 1710 1482 1784 seculorum
1500 1707 1712 1807 progenies,
1729 1704 1840 1802 ipsius

451 1834 659 1906 monasterii
676 1832 851 1907 celsitudo
861 1858 1002 1931 semper
1014 1834 1050 1903 in
1064 1828 1245 1932 tripudio„
1262 1833 1376 1932 gloria
1389 1829 1699 1904 monachorumin
1711 1828 1841 1903 trium·

452 1951 539 2049 pho,
552 1967 588 2024 et
598 1953 773 2025 exultatio
784 1952 898 2052 plebis
911 1954 1062 2053 spiritali
1079 1955 1116 2025 in
1123 1953 1258 2052 jubilo,
1268 1951 1384 2054 quod¹
1398 1950 1580 2052 [praedicti
1593 1949 1713 2023 fideles
1722 1948 1838 2040 nostri

452 2075 652 2146 serenitatis
673 2091 808 2150 nostrae
825 2060 1036 2149 furidamine
1053 2075 1310 2176 perpetualiter
1330 2076 1484 2175 cupiunt
1507 2072 1673 2146 stabiliri.
1697 2072 1840 2145 Nostrae

451 2195 624 2297 siquidem
642 2197 844 2270 altitudinis
866 2198 1154 2272 exorabilitatem
1173 2225 1278 2299 prece
1301 2215 1337 2271 et
1353 2213 1441 2272 voto
1457 2195 1610 2296 supplici
1628 2192 1838 2283 adhierunt,

451 2317 699 2416 principaliter
716 2335 835 2392 tamen
850 2346 891 2390 ac
907 2320 1090 2419 praecipue
1107 2320 1201 2391 circa
1216 2318 1528 2392 decoremdomus
1543 2318 1606 2389 Dei
1625 2312 1842 2387 mirabiliter

450 2435 700 2512 ardentissimo
729 2465 851 2512 amore
879 2438 1054 2539 divinitus
1081 2440 1260 2540 inspirati.
1292 2440 1486 2512 Memorati
1517 2436 1631 2511 fidelis
1657 2435 1774 2508 nostri
1801 2460 1842 2507 ac

451 2557 572 2631 dilecti
596 2561 739 2633 comitis
756 2559 914 2650 Odonis,
941 2564 979 2634 in
998 2565 1098 2660 cujus
1119 2560 1254 2662 oppido
1271 2560 1504 2662 prelibatum
1526 2560 1744 2637 disnoscitur
1767 2581 1842 2630 esse

451 2680 681 2771 coenobium,
705 2682 813 2780 ipsius
830 2709 976 2784 quoque
995 2686 1068 2782 jam
1086 2683 1193 2756 dictae
1211 2685 1376 2784 conjugis
1391 2687 1527 2770 Bertae,
1546 2684 1664 2782 neptis
1681 2696 1838 2767 nostrae,

450 2800 622 2898 supplicia
651 2817 733 2876 vota
760 2803 917 2903 benigne
943 2803 1066 2877 favore
1093 2806 1311 2894 extiterunt,
1344 2805 1512 2904 quatinus
1539 2802 1589 2878 ob
1613 2818 1781 2875 nostrum
1806 2813 1843 2874 et

449 2947 554 2991 suum
579 2921 713 2996 ibidem
732 2926 939 3026 memoriale
961 2942 1138 2998 aeternum
1155 2925 1325 3025 sepedicti
1348 2927 1537 3026 sepiusque
1555 2922 1697 2997 dicendi
1722 2921 1843 3025 archi-

450 3042 548 3114 sterii
567 3043 784 3136 claustrum,
805 3072 888 3119 cum
904 3048 1004 3120 omni
1022 3048 1229 3148 integritate
1246 3074 1399 3122 suorum
1410 3046 1697 3147 apenditiorum,
1716 3061 1842 3120 eorum

449 3165 677 3266 scilicetquae
689 3165 817 3266 injure
825 3167 1088 3244 beneficiorum
1101 3187 1164 3242 aut
1173 3171 1429 3271 comitatuum]
1439 3169 1582 3269 praelati
1597 3168 1710 3242 fidelis
1723 3161 1839 3241 nostri

449 3288 591 3362 comitis
610 3287 746 3362 Odonis
770 3291 844 3365 sire
860 3317 992 3393 prope,
1015 3295 1088 3367 sive
1106 3294 1215 3395 longe
1233 3295 1271 3367 in
1296 3293 1454 3394 ejusdem
1475 3292 1684 3367 monasterii
1703 3315 1843 3392 posses-

449 3411 551 3485 sione
567 3412 750 3509 pertinere
766 3439 829 3488 seu
851 3416 1027 3514 respicere
1046 3415 1229 3505 videntur,
1248 3418 1304 3490 vel
1323 3410 1484 3490 fidelium
1501 3414 1695 3490 devotione
1715 3413 1843 3487 futuro

450 3549 613 3632 tempore
637 3532 770 3609 ibidem
797 3536 1021 3629 conseretur,
1047 3554 1182 3613 uostrae
1205 3537 1395 3615 soliditatis
1415 3563 1585 3639 processu
1611 3537 1710 3639 quasi
1733 3556 1842 3617 mum
1889 3603 1894 3614 .

449 3669 486 3724 ct
501 3652 659 3754 quodam
675 3658 890 3732 antemurali
909 3658 954 3731 ab
970 3661 1073 3733 omni
1092 3663 1280 3736 exactione
1296 3687 1405 3762 quam
1423 3675 1568 3734 terrena
1580 3658 1722 3759 justicia
1741 3654 1843 3731 vide-
1906 3698 1913 3710 ι

450 3789 512 3843 tur
530 3775 694 3874 exigere,
710 3775 865 3850 liberum
884 3778 1096 3855 redderetur
1107 3799 1144 3856 et
1160 3783 1336 3856 immune.
1353 3783 1470 3881 lgitur
1482 3780 1527 3855 de
1542 3780 1605 3853 Dei
1621 3805 1722 3852 causa
1734 3794 1842 3880 atque

450 3893 608 3991 ejusdem
621 3896 690 3970 loci
708 3903 907 3975 reverentia
921 3904 979 4003 pie
991 3919 1271 4004 pertractantes,
1285 3932 1351 4006 per
1365 3902 1656 4003 deprecationem
1672 3899 1843 4001 praefato·

450 4038 534 4087 rum
556 4016 717 4093 fidelium
740 4040 971 4116 nostrorum,
993 4026 1147 4099 maxime
1169 4044 1291 4101 tamen
1311 4025 1645 4126 supplicibusvotis
1665 4048 1843 4099 consensu

451 4139 587 4234 pariter
606 4168 677 4242 que
693 4143 855 4249 benigno
876 4149 1039 4249 superius
1064 4150 1242 4224 nominati
1266 4148 1379 4223 fidelis
1402 4149 1518 4224 nostri
1540 4147 1675 4222 Odonis
1699 4145 1843 4221 comitis
1921 4217 1929 4230 ,

453 4281 566 4331 necne
580 4261 689 4362 ipsius
704 4267 865 4369 praefatae
879 4271 1062 4372 conjugis,
1081 4297 1241 4373 quorum
1256 4287 1297 4344 ut
1308 4268 1445 4344 dictum
1459 4286 1512 4344 est
1526 4268 1735 4370 suppliciter
1750 4267 1843 4340 invi-

453 4380 582 4478 gilanti
608 4387 769 4463 sollercia
794 4419 954 4491 praesens
978 4408 1116 4469 nostrae
1142 4395 1367 4471 auctoritatis
1397 4392 1599 4495 supradicto
1622 4390 1842 4468 monasterio

496 4613 506 4638 ¹
529 4602 742 4671 lincis-inclusa
759 4616 931 4694 sumpsimus
951 4636 987 4674 ex
1006 4638 1131 4698 apogra-
1165 4618 1241 4677 dens
1259 4638 1307 4676 me
1325 4616 1404 4700 copie
1423 4616 1460 4674 de
1481 4612 1573 4698 1774,
1590 4625 1681 4694 oyem
1698 4611 1846 4695 faragine!

455 4696 515 4805 phu.
532 4699 631 4763 dmnni
649 4706 767 4790 Muley,
789 4713 841 4791 qui
862 4711 974 4772 addidit
992 4716 1079 4773 etiam
1099 4716 1130 4773 in
1166 4716 1270 4776 desem
1289 4716 1334 4775 les
1344 4735 1435 4797 χω.
1452 4741 1467 4766 ιι
1482 4713 1595 4788 Quibus
1609 4712 1721 4772 omissis
1732 4714 1843 4799 pariter

455 4797 543 4871 ipsius
565 4800 670 4861 codicis
693 4806 716 4864 t
737 4809 866 4889 margine
889 4832 896 4866 :
918 4838 931 4862 a
949 4812 1090 4871 L'auteur
1111 4833 1131 4872 a
1166 4814 1196 4874 in
1213 4812 1316 4873 codice
1328 4811 1370 4886 B,
1383 4809 1557 4885 eonsut'(ut
1574 4830 1647 4889 saepe
1659 4807 1841 4885 alibilcodi·

451 4900 541 4968 passe'
555 4895 593 4952 ici
600 4898 750 4978 plusieurs
761 4905 852 4984 lignes
868 4928 922 4988 que
929 4905 991 4987 J’at'
1008 4912 1130 4969 insertos
1166 4930 1227 4970 cem
1241 4909 1322 4969 illum
1344 4928 1381 4969 ex
1396 4908 1495 4981 codice
1511 4910 1531 4967 Α
1546 4906 1634 4967 fuisse
1654 4907 1840 4988 descriptum.
