4462 6120
553 739 590 814 S.
615 738 758 822 Portu
781 738 1122 815 cluttotENsts
1455 738 1528 814 233

140 879 205 960 Dei
222 885 410 960 famulatui
430 912 466 960 se
488 889 710 988 mancipari,
735 903 772 962 et
793 884 1009 961 beneficium
1033 884 1132 986 quod
1148 910 1197 960 ex
1214 912 1273 960 me
1298 885 1463 975 tenebat,
1490 887 1529 959 in

140 1008 327 1082 territorio
345 1010 579 1098 carnotensi,
600 1010 790 1110 elaitu'goei¹
809 1034 951 1082 summo
967 1033 1009 1082 ac
1023 1005 1212 1085 monachis
1230 1006 1319 1079 inibi
1337 1007 1531 1080 militanti-

137 1128 221 1222 bus,
233 1131 271 1202 in
282 1131 469 1232 stipendiis
480 1133 655 1232 ipsorum,
670 1134 888 1234 relinquere3
902 1131 976 1222 sed,
992 1130 1082 1205 falso
1094 1131 1202 1205 seculi
1214 1157 1335 1207 amore
1346 1130 1528 1221 detentus,

137 1278 236 1326 mors
254 1255 433 1352 inprovisa
450 1254 550 1328 avida
571 1254 673 1329 fauce
690 1282 774 1329 eum
791 1254 950 1353 rapiens,
970 1280 1047 1328 non
1065 1254 1230 1353 permisit
1245 1268 1375 1326 votum
1389 1277 1433 1326 ex
1450 1268 1530 1328 toto

138 1373 276 1474 perfici.
296 1379 372 1476 lpse
396 1393 515 1451 tamen
533 1381 690 1451 animam
708 1379 803 1451 intra
827 1392 951 1478 pectus
973 1375 1236 1451 moribundum
1258 1376 1438 1464 retinens,
1457 1376 1529 1448 suis

139 1495 302 1570 fidelibus
320 1515 357 1570 et
373 1503 519 1600 conjugi
534 1502 659 1599 jussit,
680 1518 722 1573 ut
739 1501 902 1599 corporis
919 1499 973 1571 sui
995 1498 1136 1598 glebam
1153 1498 1197 1570 ad
1214 1496 1443 1587 coenobium,
1462 1525 1527 1596 po·

136 1617 277 1692 liandro
294 1619 449 1691 fratrum
463 1618 706 1693 mandandum
714 1675 726 1712 ,
739 1621 944 1707 deferrent,
961 1634 1068 1719 atque
1082 1618 1249 1692 beneficii
1261 1619 1413 1708 donum,
1427 1617 1527 1721 quod

136 1766 204 1838 pro
220 1767 257 1813 se
272 1739 348 1812 dari
363 1738 573 1830 devoverat,
595 1768 703 1840 super
719 1743 831 1814 altare
844 1742 959 1813 sancti
976 1741 1072 1812 Petri
1092 1766 1213 1814 coram
1230 1740 1400 1815 omnibus
1416 1768 1530 1842 pone-

136 1879 232 1936 rent.
251 1862 315 1935 Cui
335 1861 434 1937 dono
450 1862 659 1954 Ascelinus,
680 1863 775 1936 filius
798 1869 894 1963 ejus,
913 1878 1036 1964 postea
1059 1861 1218 1961 praebuit
1239 1890 1438 1952 assensum,
1465 1864 1527 1963 qui

136 2008 212 2059 non
231 1984 340 2083 longe
354 2002 440 2086 post
455 1985 604 2087 quadam
630 1986 732 2088 plaga
748 2001 939 2074 mortuus,
960 2002 997 2059 et
1016 1986 1089 2084 ipse
1106 2010 1176 2085 pro
1194 1982 1260 2059 hac
1284 2012 1324 2059 re
1343 1989 1447 2086 juxta
1463 2011 1529 2085 pa-

138 2123 229 2180 trem
246 2120 300 2180 est
320 2108 529 2180 tumulatus.
548 2110 663 2207 Hujus
683 2108 770 2180 doni
789 2107 1011 2211 Gausbertus
1027 2106 1071 2180 de
1092 2106 1238 2211 Evroldi
1258 2107 1412 2197 Villare,
1439 2110 1528 2181 Rai-

137 2229 259 2302 nerius
276 2246 312 2303 et
334 2230 492 2320 Guaszo,
521 2256 649 2315 eorum
675 2214 1060 2321 militesfextiterunf
1080 2244 1198 2304 testes.
1226 2229 1363 2303 Deinde
1381 2230 1528 2306 VVine-

134 2348 281 2441 bertus,
312 2350 426 2426 frater
452 2352 628 2451 Sulpicii,
659 2350 704 2426 de
731 2352 919 2428 territorio
945 2346 1179 2427 vilcasinensi
1192 2406 1204 2441 ,
1233 2377 1298 2452 per
1321 2349 1527 2426 Hubertum

137 2473 359 2566 Querculum
376 2471 569 2564 adductus,
596 2497 777 2548 assensum
795 2501 903 2576 super
924 2473 1035 2547 altare
1052 2475 1165 2546 saneti
1187 2476 1284 2547 Petri
1303 2501 1464 2574 ponens,
1489 2477 1527 2548 in

135 2596 361 2671 orationibus
384 2597 541 2669 fratrum
562 2615 616 2672 est
642 2598 828 2672 collectus.
857 2598 931 2671 Nos
949 2612 1069 2670 autem
1091 2597 1260 2670 duximus
1280 2598 1369 2672 illud
1389 2598 1529 2673 benefi-

135 2719 232 2791 cium
248 2719 352 2819 quale
370 2720 416 2792 sit
437 2719 643 2810 ostendere,
664 2718 700 2792 id
717 2736 771 2794 est
792 2718 964 2823 quicquid
992 2721 1030 2792 in
1056 2720 1264 2821 parroechia
1288 2722 1414 2794 domni
1436 2722 1527 2796 Ger-

134 2843 253 2929 mani,
274 2841 312 2913 in
336 2840 492 2915 aecclesia
510 2841 696 2931 videlicet,
722 2844 758 2915 in
784 2841 948 2932 decimis,
970 2844 1008 2916 in
1034 2845 1140 2915 terris
1162 2843 1268 2916 cultis
1294 2858 1330 2916 et
1359 2844 1524 2934 incultis,

134 2958 230 3032 silvis
243 2976 280 3032 et
292 2958 488 3052 militibus,
510 2987 550 3033 ac
568 2960 740 3035 omnibus
756 2964 944 3064 exquisitis
959 2979 996 3034 et
1014 2964 1258 3063 inquirendis,
1276 2964 1465 3040 videbatur
1481 2993 1526 3041 ex

134 3109 192 3156 me
207 3097 341 3159 tenere.
362 3085 439 3157 Hoc
457 3098 578 3157 totum
595 3109 664 3184 pro
681 3085 873 3158 animatua
891 3086 1063 3185 praefatus
1080 3085 1260 3185 Sulpicius
1276 3089 1526 3186 apostolorum

134 3204 291 3304 principi
309 3222 345 3278 et
360 3208 435 3305 ejus
452 3204 636 3279 monachis
654 3205 815 3306 reliquit.
838 3204 945 3298 Quod
965 3222 1001 3279 et
1021 3232 1111 3306 eg0,
1130 3205 1312 3279 Eustachii
1335 3207 1473 3280 abbatis
1489 3224 1526 3281 et

134 3326 398 3405 monachorum
424 3353 529 3428 prece
553 3326 701 3421 ductus,
730 3355 813 3400 cum
840 3340 955 3402 uxore
978 3354 1055 3400 mea
1081 3325 1326 3426 Ermenganle
1352 3341 1387 3402 et
1415 3330 1524 3405 unico

134 3450 211 3524 filio
218 3505 229 3541 ,
248 3449 425 3524 vocabulo
443 3451 513 3523 mei
536 3451 693 3523 nominis
714 3466 945 3550 nuncupato,
968 3476 1037 3550 pro
1054 3450 1303 3549 redemptione
1321 3452 1526 3524 animarum

137 3589 363 3665 nostrarum
390 3571 467 3646 fieri
489 3570 611 3660 volui3
635 3588 689 3662 et,
714 3571 772 3645 die
796 3571 1063 3646 Purifieationis
1084 3571 1186 3644 almae
1207 3574 1332 3644 matris
1352 3574 1522 3662 Domini,

133 3722 240 3796 super
252 3695 363 3768 altare
377 3696 472 3768 Petri
488 3693 640 3794 apostoli
660 3720 841 3767 assensum
853 3696 977 3792 posui,
996 3708 1103 3793 atque
1120 3690 1213 3764 hanc
1229 3708 1363 3766 cartam
1380 3695 1523 3794 publice

133 3818 359 3916 astipulando
372 3818 492 3888 crucis
501 3815 606 3915 signo
619 3815 867 3888 corroboravi.
884 3816 956 3888 Pro
970 3839 1040 3913 qua
1053 3840 1092 3886 re
1106 3841 1124 3885 a
1138 3813 1290 3913 praefato
1304 3812 1433 3890 abbate
1446 3843 1527 3892 cen-

134 3956 212 4012 tum
231 3938 363 4012 solidos
385 3953 621 4012 carnotorum
647 3960 884 4009 nummorum
911 3936 1052 4035 accepi,
1077 3962 1227 4036 meaque
1253 3941 1413 4037 conjunx
1439 3939 1525 4013 duas

134 4061 212 4132 auri
226 4063 364 4151 uncias,
378 4076 414 4131 et
427 4057 522 4130 filius
535 4084 635 4131 meus
646 4083 823 4130 renonem
838 4082 953 4129 unum
966 4057 1121 4129 varium.
1135 4063 1253 4131 Testes
1268 4084 1312 4131 ex
1328 4077 1430 4160 parte
1445 4087 1524 4135 mea

132 4181 283 4256 fuerunt
299 4213 307 4254 ε
324 4179 530 4255 Rodbertus
551 4176 596 4252 de
612 4177 711 4253 Bello
730 4183 879 4267 Monte;
905 4176 1119 4268 lhotardus,
1145 4179 1368 4255 VVillelmus
1390 4198 1426 4256 et
1451 4183 1526 4256 lle-

132 4304 259 4378 naldus
275 4302 319 4377 de
332 4301 524 4391 Gaudena,
541 4315 578 4374 et
588 4299 811 4373 Gualterius.
831 4301 885 4372 Ex
902 4317 1005 4399 parte
1020 4297 1282 4374 monachorum
1298 4334 1307 4374 ε
1323 4303 1524 4405 Stephanus

132 4445 168 4501 et
191 4428 385 4513 Salomon,
411 4423 569 4513 fratres3-
588 4422 795 4522 Oydelerius
814 4437 850 4496 et
867 4421 1093 4513 Rodbertus,
1116 4423 1265 4513 fratres,
1285 4425 1471 4498 'leduinus
1487 4445 1524 4501 et

131 4549 307 4641 Gaudius,
329 4547 475 4636 fratres3
496 4546 682 4621 Guarinus
694 4543 915 4635 cellerarius,
937 4547 1164 4636 Tescelinrrs,
1187 4546 1382 4647 Hildegarii
1405 4548 1521 4640 filius;

135 4676 148 4743 l
150 4673 347 4746 laurentius
361 4658 616 4766 cubicularifl,
632 4666 834 4742 Adventius·
846 4685 884 4742 et
898 4669 1068 4762 Lorinus,
1081 4669 1224 4761 fratres,
1239 4685 1275 4744 et
1287 4669 1362 4745 alii.
1376 4671 1410 4743 si
1425 4674 1519 4775 quis,

172 4924 181 4950 ¹
197 4911 255 4974 sic.

1302 5011 1349 5074 30
