4462 6120
741 712 779 783 S.
803 708 947 783 PETRI
972 704 1311 783 CARNOTENSIS.
1652 706 1720 779 tat

328 861 427 935 culos
450 885 564 934 annos
589 858 783 948 tenuisset,
809 871 934 932 sancto
955 855 1064 932 Petro
1087 853 1253 956 apostolo
1278 851 1371 927 banc
1396 852 1509 952 ipsam
1533 852 1718 944 vicariam,

326 1010 395 1084 pro
411 984 541 1058 animae
558 1008 631 1055 suae
648 981 781 1071 salute,
794 982 878 1080 jure
892 995 1074 1080 perpetuo
1091 975 1359 1078 possidendam,
1375 974 1551 1066 reddidit,
1572 1003 1612 1048 ac
1632 973 1722 1051 duos

326 1104 519 1206 predictos
537 1103 690 1193 solidos,
711 1130 795 1175 cum
813 1101 983 1201 pasnadio
1008 1128 1094 1191 suo,
1118 1099 1262 1174 cuidam
1282 1098 1379 1174 fideli
1403 1098 1551 1175 lsnardo
1566 1098 1610 1174 de
1625 1099 1723 1175 Mori

325 1228 460 1305 Villare
478 1226 711 1304 condonavit.
738 1226 854 1325 Hujus
873 1225 928 1299 rei
953 1239 1058 1299 testes
1080 1239 1191 1296 sunt:
1213 1220 1341 1302 Guado
1351 1275 1363 1312 ,
1382 1224 1489 1322 Hugo
1507 1221 1720 1309 Droccnsis,

325 1350 525 1426 lietbertus
543 1349 587 1425 de
604 1349 793 1423 Burseriis.
813 1347 922 1425 Dodo
934 1345 1197 1423 senescallus.»

374 1472 529 1548 Inferius
546 1472 707 1546 dicemus
723 1471 768 1546 de
784 1470 894 1546 rebus
906 1475 992 1574 quae
1008 1470 1139 1546 additae
1152 1484 1239 1545 suut
1251 1467 1333 1544 loco
1347 1483 1475 1543 nostro
1487 1494 1506 1543 a
1519 1469 1601 1545 viro
1617 1465 1723 1544 nobi·

327 1596 481 1688 lissimo,
501 1594 654 1671 Alberto
673 1594 837 1670 nomine.

780 1803 1132 1893 CAPITULUM
1168 1802 1273 1891 Vlla

367 2007 411 2065 De
425 2004 510 2066 rebus
524 2004 599 2064 datis
616 2018 644 2065 et
658 2004 786 2071 ecclesia
801 2000 867 2064 data
881 2001 987 2063 Sancto
1002 2003 1088 2062 Petro
1104 2001 1141 2061 ab
1157 2001 1292 2076 iliberto,
1310 2021 1361 2080 per
1377 2018 1549 2060 consensum
1565 2001 1682 2084 rogitet

952 2110 1096 2192 apicibus.

374 2291 425 2362 *u
436 2294 498 2366 ln'
514 2288 665 2366 nomine
677 2306 809 2365 sanctae
825 2305 862 2364 et
876 2288 1072 2364 individuae
1083 2287 1289 2362 Trinitatis.
1304 2289 1387 2389 Ego
1401 2288 1592 2379 Henricus,
1607 2289 1720 2392 gratia
1748 2303 1807 2350 ano
1817 2317 1839 2348 ⁸·
1853 2301 1921 2350 1061-

244 2452 245 2456 ¹
325 2413 411 2504 Dei,
430 2414 656 2490 Francorum
673 2439 751 2490 rex.
777 2412 869 2485 Cum
892 2401 1021 2514 regalis
1038 2411 1172 2486 solium
1188 2410 1375 2511 dignitatis
1391 2410 1584 2514 multiplex
1601 2412 1723 2485 virtu-

324 2551 404 2610 tum
420 2537 539 2611 cultus
556 2553 733 2626 exornet,
750 2534 947 2610 liberalitas
963 2551 1082 2609 tamen
1099 2551 1136 2608 et
1152 2532 1400 2608 munificentia
1419 2534 1514 2608 inter
1530 2532 1592 2608 has
1608 2534 1724 2635 preci-

324 2686 439 2758 puum
455 2659 578 2736 locum
594 2676 713 2749 tenet,
734 2685 891 2760 quarum
907 2658 1054 2732 effectus
1071 2657 1276 2732 multorum
1292 2656 1563 2731 necessitatibus
1579 2656 1724 2734 condes·

324 2780 453 2855 cendat
470 2799 506 2857 et
517 2786 703 2883 justorum
722 2780 964 2880 petitionibus
987 2778 1192 2853 satisfaciat.
1217 2778 1358 2854 Notum
1379 2780 1426 2852 sit
1442 2806 1531 2881 ergo
1551 2777 1721 2857 omnibus

324 2919 455 2976 sanctae
480 2906 604 2977 matris
621 2906 791 2977 aecclesiae
809 2902 976 2977 fidelibus
994 2920 1031 2976 et
1047 2904 1200 2991 nostris,
1222 2919 1297 2975 tam
1316 2902 1544 3002 presentibus
1561 2922 1723 3008 (suamet

323 3024 478 3116 futuris,
506 3025 776 3127 quodquidam
793 3051 894 3098 meus
919 3023 1054 3114 fidelis,
1080 3023 1252 3098 Albertus
1271 3027 1443 3116 nomine,
1468 3027 1563 3099 filius
1588 3028 1724 3102 scilicet

325 3146 486 3237 Ribaldi,
507 3147 723 3221 nobilissimi
742 3136 832 3246 viri,
853 3161 989 3220 nostrae
1008 3147 1210 3219 serenitatis
1226 3146 1315 3218 adiit
1330 3150 1570 3246 presentiam,
1590 3176 1722 3250 rogans

324 3286 361 3342 et
369 3268 503 3344 obnixe
512 3271 711 3372 postulans,
722 3285 778 3362 ut,
791 3269 901 3369 regali
914 3271 1047 3368 pietate
1058 3283 1194 3342 nostrae
1204 3268 1465 3343 munificentiae
1477 3297 1601 3343 aurem
1612 3298 1725 3346 assen-

326 3394 451 3486 tando,
466 3396 538 3467 suis
550 3392 719 3494 precibus
733 3392 908 3465 inclinare
920 3391 1173 3492 dignaremur3
1193 3404 1370 3491 quatenus
1384 3391 1502 3491 qnod,
1524 3392 1600 3468 Deo
1617 3394 1724 3495 inspi-

324 3534 446 3608 rante,
471 3514 677 3589 maturabat
700 3516 870 3616 implere,
901 3531 1038 3589 nostrae
1064 3511 1288 3586 liberalitatis
1312 3537 1474 3604 assensu,
1495 3512 1540 3587 ad
1555 3515 1723 3590 effectum

325 3637 456 3713 ducere
477 3639 650 3740 quivisset
670 3667 679 3710 :
700 3638 868 3712 videlicet
885 3652 928 3708 ut
949 3634 1132 3738 quandam
1149 3630 1366 3727 aecclesiam,
1382 3654 1492 3737 quam
1509 3653 1612 3738 pater
1628 3641 1720 3739 ejus,

325 3761 439 3836 fidelis
453 3777 578 3835 noster
598 3758 772 3832 Ribaldus
785 3814 796 3849 ,
817 3761 854 3831 in
869 3757 1011 3835 honore
1024 3758 1120 3832 beati
1135 3758 1307 3831 Germani
1327 3758 1633 3836 Altissioderensis
1645 3764 1723 3864 epi·

325 3886 446 3985 scopi,
465 3883 771 3957 cementariorum
787 3908 917 3983 opere,
938 3884 977 3955 in
993 3880 1225 3956 Brueroleusi
1249 3883 1349 3971 vico,
1368 3909 1437 3984 pro
1459 3884 1571 3958 salute
1592 3885 1723 3962 animae

325 4034 397 4080 suae
416 4022 686 4096 construxerat,
704 4008 801 4107 regia
817 4003 966 4106 quidem
981 4005 1183 4096 voluntate,
1198 4005 1325 4078 liceret
1336 4005 1368 4078 ei
1382 4003 1466 4079 dare
1478 4004 1586 4083 beato
1598 4007 1721 4101 Petro,

325 4128 574 4228 apostolorum
603 4127 784 4228 principi,
815 4142 852 4199 et
878 4126 1066 4201 monachis
1094 4126 1165 4200 sibi
1191 4125 1451 4201 famulantibus
1481 4128 1519 4201 in
1550 4129 1723 4208 coenobio

326 4249 426 4352 quod
451 4250 561 4322 situm
588 4265 642 4322 est
666 4274 744 4323 non
767 4241 879 4349 longe
910 4277 928 4321 a
952 4249 1138 4322 moenibus
1163 4249 1375 4323 carnotinae
1400 4249 1522 4339 urbis;
1550 4270 1658 4357 atque
1679 4281 1722 4329 ex

326 4372 433 4447 rebus
449 4400 536 4475 quas
556 4399 599 4446 ex
621 4388 751 4448 nostro
774 4371 954 4448 beneficio
970 4368 1151 4473 possidere
1166 4371 1368 4463 videbatur,
1390 4373 1577 4473 praefatam
1594 4379 1723 4452 aeccle-

327 4496 433 4587 aiam,
464 4513 539 4569 tam
563 4498 638 4595 ipse
662 4522 772 4598 quam
795 4497 869 4594 ejus
893 4494 1031 4586 fideles,
1054 4522 1122 4595 pro
1140 4494 1205 4568 Dei
1228 4521 1371 4586 amore,
1390 4513 1515 4571 nostra
1532 4497 1722 4575 favorabili

327 4618 517 4694 clementia
533 4618 755 4719 locupletare
772 4617 971 4692 liberaliter
987 4620 1201 4720 quivissent.
1221 4619 1330 4720 Cujus
1345 4622 1480 4720 justam
1501 4648 1542 4693 ac
1562 4623 1642 4698 Deo
1662 4647 1724 4696 ao-

328 4757 467 4842 ceptam
479 4743 695 4842 petitionem
705 4741 927 4844 judicantes,
943 4765 1028 4814 cum
1041 4743 1210 4842 episcopo
1223 4741 1411 4844 Agobcrto
1425 4743 1463 4817 in
1477 4747 1532 4845 cuj
1538 4771 1577 4817 us
1585 4742 1722 4823 ,diocesi

371 4964 381 4991 ¹
396 4951 474 5014 Edit.
493 4957 522 5015 in
542 4956 626 5018 Gall.
646 4957 768 5029 Christ,
782 4970 806 5017 t.
821 4955 917 5030 Vlll,
935 4956 1031 5032 iustu,
1046 4956 1102 5017 col.
1120 4955 1188 5018 301.
