4426 6120
476 697 524 789 aa
693 690 704 711 ⁰
1000 700 1352 791 nonnsrmrnn

475 865 684 967 inperfectae
705 864 914 938 voluntatis.
936 858 993 935 ΑΒ
1014 863 1271 965 odiernaergo-
1282 863 1342 939 die
1357 879 1394 939 et
1409 864 1595 965 deinceps,
1615 888 1683 963 pro
1705 855 1866 953 remedio

472 990 602 1062 animae
613 1012 703 1061 meae
716 1001 754 1059 et
772 987 897 1062 uxoris
916 985 1149 1090 filiorumque
1168 1013 1336 1062 meorum
1357 989 1396 1061 in
1416 970 1690 1062 succedentibus
1713 1006 1867 1084 genem-

473 1090 652 1199 tionibus,
673 1106 776 1204 trado
794 1125 831 1182 et
845 1109 1019 1183 traditum
1031 1136 1105 1183 esse
1118 1109 1221 1199 volo,
1242 1108 1383 1223 cedo·et
1397 1122 1534 1184 cessum
1551 1110 1629 1183 sine
1641 1107 1714 1179 ulla
1724 1104 1866 1179 calum·-

472 1236 531 1307 nia
549 1259 623 1308 esse
640 1234 767 1332 cupio,
787 1232 940 1332 praefato
957 1231 1059 1320 loco,
1078 1231 1225 1304 alodum
1240 1232 1439 1333 quendam,
1460 1248 1581 1308 totum
1596 1230 1641 1315 ad
1658 1232 1862 1337 integrum,

465 1336 578 1434 ,situm
594 1357 633 1427 in
642 1355 725 1427 villa
738 1356 860 1454 prisco
873 1346 1023 1428 nornine
1037 1356 1191 1429 vocitata
1202 1354 1456 1455 Guadresigia,
1470 1341 1513 1427 nt
1527 1353 1700 1440 habeant,
1717 1364 1865 1425 teneam

470 1494 506 1550 et
519 1475 725 1579 possideant
737 1477 839 1551 omni
856 1492 1020 1576 tempore
1036 1475 1166 1564 seculi3
1182 1479 1425 1551 conventione
1437 1476 1530 1550 sacta
1543 1491 1602 1565 ut,
1617 1475 1705 1547 dum
1717 1474 1862 1560 vixero,

471 1616 612 1674 teneam
630 1616 666 1673 et
679 1601 837 1700 'singulis
859 1601 963 1671 annis
986 1599 1091 1670 missa
1112 1582 1225 1671 sancti
1245 1600 1361 1689 Petri,
1383 1626 1466 1700 qnae
1487 1618 1541 1707 est
1564 1600 1679 1673 tercio
1697 1593 1864 1670 kalendas

466 1725 569 1820 julii,
591 1725 629 1795 in
654 1748 802 1796 censum
825 1718 1308 1819 persolvamx11denarios3
1332 1736 1416 1820 post
1440 1720 1692 1795 discessionem
1711 1742 1799 1793 vero
1826 1732 1864 1791 et

470 1846 635 1944 corporis
650 1844 720 1915 mei
737 1840 1021 1943 depositionem,
1037 1830 1135 1912 sient
1149 1839 1227 1912 hoec
1242 1867 1400 1941 praesens
1417 1841 1594 1940 scriptura
1610 1844 1772 1926 testatur,
1786 1864 1863 1938 qno

469 1968 597 2039 animae
615 1990 705 2037 meae
722 1989 809 2039 mox
826 1961 1015 2035 subveniat
1031 1979 1068 2034 et
1084 1985 1275 2035 occurrere
1285 1928 1616 2063 ,dignetrffprimus
1634 1978 1672 2035 et
1687 1963 1768 2061 pius
1783 1986 1863 2061 pns-

366 2106 372 2120 '
469 2104 529 2162 tor
546 2087 715 2161 aecclesioe
732 2087 877 2172 Petrus,
899 2110 981 2156 cum
1000 2085 1101 2159 omni
1120 2084 1372 2160 melioratione
1388 2102 1425 2158 et
1446 2086 1654 2186 integritate
1677 2083 1722 2158 ad
1736 2082 1864 2182 prefa-

352 2256 357 2263 -
470 2224 549 2281 tum
565 2205 777 2282 coenobium
789 2221 1005 2278 revertatur.
1025 2207 1104 2279 Hoc
1117 2206 1232 2306 igitur
1243 2205 1415 2305 omnibus
1430 2205 1646 2314 ortliodoxoe
1663 2221 1700 2279 et
1715 2219 1864 2306 aposto-

471 2331 587 2405 soticae
610 2328 692 2403 fidei
717 2327 920 2403 cultoribus
948 2343 1081 2419 notum
1103 2352 1177 2400 esse
1198 2327 1298 2402 volo.
1329 2329 1366 2401 Si
1393 2329 1474 2429 quis
1504 2356 1591 2404 vero
1618 2343 1747 2404 contra
1770 2316 1864 2407 hdtc

468 2452 704 2527 donationem
728 2452 853 2527 venire
879 2448 1036 2551 quodam
1063 2476 1150 2522 anau
1165 2451 1741 2550 'temptaveritjmaledictionem
1762 2448 1862 2529 Jndae

469 2589 639 2674 apostatae
655 2590 692 2647 et
709 2572 893 2648 traditoris
905 2573 1051 2647 Domini
1069 2573 1108 2644 in
1122 2571 1230 2646 corde
1243 2590 1281 2645 et
1293 2598 1448 2672 corpore
1462 2574 1545 2648 ilico
1558 2575 1863 2675 pereipiatrlhnc

469 2721 555 2795 ergo
569 2695 804 2771 donationem
822 2696 934 2767 manu
954 2692 1084 2768 obtimi
1104 2694 1248 2767 comitis
1266 2709 1303 2767 et
1325 2695 1477 2767 senioris
1496 2697 1566 2769 mei
1587 2670 1723 2770 Odonis
1740 2684 1863 2767 mani-

469 2817 607 2920 busque
622 2817 783 2891 fidelium
792 2819 870 2914 ¹ejus
886 2814 1061 2890 roborare
1071 2841 1160 2888 cum
1175 2840 1287 2888 manu
1301 2840 1381 2889 mea
1397 2815 1553 2890 decrevi.
1570 2818 1701 2896 Actum
1719 2802 1863 2916 poblite

470 2941 648 3015 Carnotis.
670 2937 763 3021 ,Odo
795 2964 927 3012 comes.
965 2939 1159 3013 Rotrocus.
1194 2936 1391 3012 Arduinus.
1428 2939 1625 3013 Tedninus.
1659 2939 1859 3014 Alcharius.

470 3061 674 3135 Ganslinus.
693 3058 905 3139 Lambertns
914 3113 925 3148 ,
941 3062 1005 3162 qui
1024 3059 1118 3133 hanc
1136 3059 1372 3136 donationem
1384 3060 1485 3148 fecit.
1500 3093 1518 3131 a

500 3191 579 3258 .Set
602 3183 729 3256 utrum
746 3182 938 3256 habeamus
956 3210 1002 3255 an
1018 3209 1114 3271 non,
1138 3183 1196 3256 vel
1219 3185 1247 3256 si
1273 3181 1382 3258 modo
1407 3184 1477 3259 alio
1495 3186 1643 3258 nomine
1660 3186 1858 3273 vocitetur,
1885 3190 1891 3201 '

471 3305 598 3382 relicto
614 3307 729 3406 priori
746 3307 914 3394 nomine,
935 3305 993 3378 rel
1007 3304 1070 3378 ubi
1085 3305 1132 3377 sit
1143 3303 1279 3378 fundus
1292 3306 1377 3394 istc,
1398 3308 1543 3406 penitus
1559 3308 1781 3419 ignoramus

903 3542 1429 3743 cnnrnnnnxrv.

470 3841 513 3900 De
528 3842 653 3903 archaia
668 3840 913 3901 Ermenteriarum
931 3854 961 3901 et
977 3841 1013 3902 de
1029 3844 1117 3902 ommi
1133 3855 1208 3902 terra
1222 3864 1310 3924 quam
1328 3857 1457 3905 emerant
1473 3844 1606 3905 monachi
1621 3843 1719 3904 Sancti
1731 3844 1861 3906 Potritb

950 3947 1118 4009 Archinnlso
1130 3949 1256 4029 quodam
1271 3951 1372 4012 milite.

519 4183 592 4253 «ln
605 4181 912 4256 nomineDomini
925 4196 962 4253 et
970 4181 1155 4256 salvatoris
1164 4186 1282 4257 nostri
1291 4182 1401 4257 thau
1411 4182 1558 4256 Christi.
1571 4184 1699 4259 Comes
1706 4185 1861 4263 vvara-

467 4304 561 4392 rius,
584 4318 715 4377 notum
737 4327 810 4376 esse
829 4302 998 4376 volumus
1022 4302 1195 4378 omnibus
1222 4321 1294 4379 tam
1316 4304 1554 4406 praesentibus
1575 4329 1684 4405 quam
1700 4304 1858 4397 sumata,

466 4427 550 4526 quia
567 4423 735 4498 adierunt
749 4424 969 4525 presentiam
984 4442 1147 4500 nostram
1164 4427 1333 4504 monachi
1350 4429 1471 4502 Sancti
1490 4428 1586 4500 Petri
1604 4427 1857 4521 carnotensis,

465 4562 508 4618 nt
525 4548 575 4620 eis
595 4572 641 4620 cx
662 4551 787 4621 nostra
808 4564 912 4649 parte
935 4545 1208 4646 concederetur,
1234 4549 1406 4655 quatinus
1426 4550 1552 4623 liceret
1574 4550 1625 4622 eis
1649 4570 1858 4652 comparare

395 4691 398 4698 ·
466 4669 649 4745 ecclesiam
664 4694 709 4744 ex
723 4669 903 4745 beneficio
918 4669 1123 4745 Archinulfi
1140 4670 1256 4748 fidelis
1267 4674 1406 4759 nostri,
1429 4670 1473 4747 de
1494 4675 1595 4770 cujus
1613 4689 1666 4745 est
1678 4662 1858 4749 beneficio

465 4794 613 4867 nomine
631 4794 890 4882 Ermenteriae,
911 4793 1019 4865 simul
1038 4821 1119 4866 cum
1143 4795 1313 4870 omnibns
1333 4797 1371 4868 in
1389 4793 1510 4868 eadem
1532 4795 1617 4867 villa
1643 4812 1680 4868 et
1700 4793 1858 4893 ejusdem

463 4911 667 4989 Archinulfi
692 4916 870 4993 beneficio
893 4910 1174 5017 pcrtinentibus.
1197 4915 1325 5009 Quod,
1343 4943 1386 4992 eo
1415 4916 1663 4992 consentiente
1689 4916 1795 4994 simul
1819 4932 1857 4990 et
