4462 6120
686 741 723 814 S.
745 740 887 814 PETRl
912 736 1249 813 GARNOTENSIS.
1598 735 1665 804 157

278 891 328 962 cit
344 892 480 962 animm
503 915 581 960 suae
597 891 659 961 vir
680 889 884 962 misericors
892 919 909 972 ,·
932 900 969 959 et
993 885 1096 984 plura
1118 883 1172 958 his
1190 884 1332 958 similia.
1351 883 1516 957 Salvator
1531 881 1668 955 etenim

276 1029 413 1098 noster,
429 1012 671 1085 universitatis
685 1013 882 1099 Dominus,
901 1035 985 1081 cum
1002 1010 1075 1108 ipse
1093 1011 1141 1081 sit
1155 1024 1302 1110 potens,
1320 1023 1488 1110 potentes
1501 1030 1577 1079 non
1593 1002 1670 1078 abi·

275 1135 344 1220 cit,
365 1135 540 1233 quoniam
560 1135 744 1208 neminem
764 1133 883 1232 perire
901 1141 931 1221 ¹,
955 1147 1008 1204 set
1027 1130 1070 1203 ad
1090 1132 1316 1232 agnitionem
1338 1130 1464 1204 venire
1485 1127 1666 1215 ueritatis,

274 1271 312 1328 et
327 1282 393 1353 per
409 1255 551 1328 fructus
564 1254 749 1330 bonorum
763 1280 918 1354 operum
930 1279 1056 1329 omnes
1071 1253 1192 1328 fideles
1206 1270 1311 1330 vocat
1327 1252 1371 1326 ad
1387 1279 1442 1340 se,
1462 1251 1525 1353 qui
1543 1249 1666 1335 etiam,

275 1377 312 1448 in
324 1378 541 1478 Evangelio,
560 1377 687 1450 mundi
703 1391 879 1452 amatores
893 1392 1006 1449 terret
1022 1406 1030 1448 ε
1049 1376 1190 1468 Omnis,
1209 1377 1344 1477 inquit,
1367 1375 1479 1449 arbor
1492 1397 1577 1473 quse
1594 1396 1668 1444 non

269 1495 365 1588 facit
376 1501 547 1597 fructum
571 1500 704 1572 bonum
727 1499 930 1587 ercidetur,
958 1500 1054 1570 etin
1079 1500 1199 1598 ignem
1218 1500 1380 1572 mittetur
1383 1531 1400 1585 ,·
1426 1511 1464 1570 ct
1484 1495 1590 1593 plura
1614 1493 1668 1565 bis

273 1620 421 1709 similia,
441 1646 524 1721 quae
538 1646 615 1694 non
627 1636 714 1693 sunt
726 1619 811 1691 huic
826 1620 910 1694 stilo
923 1619 1072 1693 credita.
1090 1618 1197 1695 Unde
1209 1647 1276 1720 ego
1292 1620 1494 1706 Rotrocus,
1512 1612 1668 1689 cassibus

271 1741 465 1815 mundanae
480 1741 765 1817 conversationis
782 1741 969 1828 inretitus,
987 1741 1130 1815 militiae
1145 1741 1256 1815 armis
1270 1741 1471 1828 accinctus,
1491 1762 1570 1838 pro
1585 1762 1666 1813 om-

272 1861 381 1935 nibus
398 1880 631 1963 peccatorum
647 1862 808 1961 pondere
829 1888 989 1961 pressus,
1008 1879 1258 1937 verumtamen
1279 1861 1323 1935 de
1345 1859 1582 1935 multitudine
1596 1858 1666 1932 mi-

272 1983 550 2059 sericordiarum
572 1985 720 2059 Domini
743 2010 925 2084 praesumo
947 1982 1118 2084 indignus
1136 2011 1228 2085 opus
1245 1983 1387 2059 bonum
1408 1999 1445 2057 et
1465 1979 1565 2083 quod
1584 1984 1666 2052 cre-

272 2105 372 2179 ditur
381 2104 606 2194 laudabilius,
621 2107 883 2181 monasterium
895 2106 1047 2195 scilicet,
1060 2105 1160 2206 quod
1170 2132 1271 2181 meus
1285 2107 1431 2206 genitor
1443 2102 1665 2177 Gaussredns

273 2230 310 2301 in
333 2228 472 2304 bonore
492 2229 606 2301 sancti
627 2228 784 2302 Dionisii
809 2245 1021 2304 construere
1042 2230 1173 2326 coepit,
1195 2230 1234 2301 in
1252 2229 1442 2304 territorio
1460 2252 1538 2303 non
1555 2227 1664 2326 longe

270 2348 426 2424 distante
443 2376 462 2422 a
478 2350 623 2425 castello
641 2349 825 2450 Nogiomo
841 2351 959 2438 dicto,
979 2352 1088 2449 cupio
1104 2351 1259 2450 amplius
1276 2350 1452 2425 adornare
1469 2365 1506 2423 et
1523 2349 1663 2448 magni-

272 2471 391 2548 ficare.
410 2471 632 2549 Venerandae
655 2473 793 2573 quippe
818 2474 1004 2547 memoriae
1026 2470 1134 2544 abbas
1155 2472 1353 2546 Landricus
1372 2500 1429 2546 mc
1451 2471 1573 2545 adiens
1591 2468 1664 2546 ob-

272 2596 356 2668 nixe
368 2597 524 2696 rogauit,
539 2593 711 2696 'quatinus
725 2595 880 2669 eundem
893 2596 1155 2669 monasterium
1167 2597 1300 2670 Sancto
1311 2597 1421 2670 Petro
1433 2593 1661 2679 Carnotcnsi,

270 2714 319 2790 ob
332 2717 403 2789 mei
415 2718 630 2792 memoriam
644 2733 681 2790 et
693 2718 819 2793 uxoris
832 2716 1066 2818 filiorumque
1079 2744 1262 2809 meorum,
1278 2734 1315 2792 et
1329 2745 1397 2819 pro
1410 2719 1528 2790 anima
1541 2740 1662 2814 supra·

269 2837 357 2909 dicti
381 2838 557 2938 genitoris
577 2839 650 2912 mei
673 2855 711 2912 et
729 2839 858 2912 matris
878 2866 989 2928 meae,
1009 2838 1199 2914 donarem.
1219 2838 1326 2932 Quod
1342 2866 1410 2940 ego
1427 2837 1663 2913 libentissime

270 2963 396 3051 annui,
411 2976 454 3033 ut
467 2961 561 3034 idem
572 2974 696 3059 pastor
707 2976 744 3033 et
756 2961 926 3061 princeps
938 2960 1049 3034 michi
1064 2979 1100 3035 ct
1112 2961 1300 3035 animabus
1312 2989 1440 3037 eorum
1454 2983 1664 3035 succurrere

269 3080 454 3181 dignetur,
469 3081 632 3180 aperiens
645 3078 752 3155 nobis
763 3097 887 3180 portas
899 3082 1003 3181 regni
1018 3082 1195 3170 coelestis,
1215 3109 1322 3182 quas,
1340 3110 1360 3156 a
1373 3083 1533 3157 Domino
1547 3099 1664 3181 potes·

270 3219 342 3276 tate
358 3220 518 3303 accepta,
537 3196 708 3278 omnibus
721 3200 888 3276 fidelibus
901 3204 1031 3304 aperit.
1050 3204 1101 3277 Ut
1116 3219 1237 3277 autem
1251 3201 1321 3278 hoc
1337 3202 1465 3277 stabile
1480 3220 1517 3277 ct
1535 3204 1664 3278 incon·

270 3325 413 3399 vulsum
427 3340 659 3426 permaneat,
671 3326 758 3401 volo
773 3324 966 3415 omnibus,
984 3342 1056 3399 tam
1075 3326 1315 3426 praesentibus
1331 3353 1441 3427 quam
1457 3342 1494 3401 et
1509 3325 1661 3414 futuris,

268 3475 335 3549 per
359 3447 585 3524 succedentia
612 3465 800 3548 tempora,
829 3445 994 3525 fidelibus
1021 3463 1274 3542 assumens,
1303 3447 1471 3522 manibus
1496 3447 1663 3521 omnium

269 3569 430 3645 fidelium
446 3596 614 3648 meorum
629 3595 688 3644 me
702 3569 1018 3647 corroborandum
1034 3569 1232 3646 tradidisse.
1253 3571 1291 3644 si
1307 3571 1389 3672 quis
1406 3596 1512 3659 vero,
1531 3567 1663 3645 diabo-

268 3693 348 3768 licae
359 3693 545 3792 pravitatis
560 3694 750 3782 instinctu,
766 3691 852 3769 hnic
864 3693 962 3771 lacto
975 3694 1098 3796 (quod
1111 3692 1207 3769 absit
1217 3694 1250 3792 l)
1268 3695 1477 3768 contrarius·
1485 3693 1663 3779 extiterit,

268 3814 456 3892 anathema
473 3816 540 3903 sit,
560 3818 600 3889 in
619 3814 838 3918 infernoque
855 3815 1022 3893 inferiori
1039 3831 1222 3906 retrusus,
1242 3815 1306 3890 ubi
1323 3816 1478 3904 vermis,
1490 3815 1554 3916 qui
1568 3840 1663 3890 non·

268 3964 379 4040 quam
395 3940 567 4028 moritur,
585 3939 662 4038 ejus
676 3935 852 4015 conodct-
863 3963 987 4012 carnes
995 3966 1006 4026 ;
1020 3955 1058 4013 et
1071 3943 1185 4040 ignis,
1200 3939 1266 4039 qui
1276 3963 1464 4039 nonquam
1478 3937 1662 4036 extingui-

268 4075 345 4154 tur,
362 4067 502 4160 semper
518 4065 594 4157 eins
608 4076 774 4161 pascatur
789 4059 1022 4135 cruciatibus.
1040 4092 1059 4132 u

316 4184 386 4257 Iste
408 4183 533 4270 locus,
551 4181 714 4285 quandiu
733 4183 827 4257 vixit
848 4208 968 4259 comes
992 4184 1192 4272 Rotrocus,
1217 4210 1283 4282 per
1304 4185 1490 4284 plusculos
1507 4209 1622 4259 annos
1640 4210 1663 4257 a

268 4307 401 4382 nostris
421 4303 610 4380 monacbis
634 4319 688 4379 est
712 4328 915 4405 possessus,
937 4306 1054 4379 donec
1076 4305 1121 4378 ab
1144 4331 1259 4382 uxore
1283 4305 1486 4397 Gausfridi,
1511 4307 1663 4381 nomine

268 4428 441 4516 beatrici,
455 4428 544 4528 jussi
562 4443 650 4501 sunt
665 4425 807 4528 egredi;
823 4430 1011 4504 occasione
1024 4444 1148 4515 nacta,
1166 4427 1266 4529 quod
1282 4428 1441 4504 domnus
1453 4427 1658 4517 Hubertus,

266 4550 452 4652 qnondam
469 4551 585 4626 nostri
601 4550 673 4626 loci
689 4547 816 4640 abbas,
832 4551 954 4628 officio
969 4549 1109 4624 abbatis
1125 4577 1202 4626 non
1215 4566 1359 4652 poterat
1371 4553 1445 4639 uti;
1465 4553 1522 4623 cni
1536 4552 1665 4625 vivens

267 4673 450 4748 Rotrocus
465 4699 532 4772 per
549 4671 716 4748 abbatem
736 4670 971 4747 Eustachium
993 4673 1163 4751 aecclesiae
1178 4674 1342 4775 regimen
1359 4671 1522 4761 dederat,
1539 4677 1664 4773 stigs-

310 4917 474 4978 ¹01nissum
488 4921 564 4980 crull.
