4462 6120
976 714 1324 790 MONASTERIUM

907 1026 1261 1118 CAPITULUM
1296 1025 1381 1114 IX.

847 1304 891 1363 De
905 1315 981 1364 terra
996 1315 1093 1383 empta
1107 1325 1125 1361 a
1138 1301 1277 1362 VVarino
1291 1297 1443 1359 monacho.

227 1576 289 1624 aire
301 1591 323 1623 ι.
335 1575 408 1625 soro.
499 1590 518 1629 n
536 1560 580 1631 ln
593 1558 744 1634 nomine
757 1555 867 1630 Jbesu
882 1555 1016 1629 Christi
1035 1556 1184 1630 Domini
1204 1557 1335 1630 nostri.
1353 1554 1493 1629 Notum
1507 1579 1580 1627 esse
1593 1554 1761 1626 volumus
1773 1579 1847 1631 om·

448 1682 557 1755 nibus
575 1680 779 1753 christianae
797 1679 901 1768 fidei,
922 1695 995 1752 tam
1012 1678 1252 1780 praesentibus
1269 1704 1378 1781 quam
1394 1677 1548 1768 futuris,
1567 1704 1635 1778 ego
1649 1677 1848 1751 Landricus

448 1803 577 1893 abbas,
604 1828 802 1904 omnesque
824 1801 994 1878 monachi
1021 1801 1182 1877 coenobii
1203 1803 1324 1875 Sancti
1350 1800 1447 1876 Petri
1471 1802 1720 1891 Carnotensis,
1746 1799 1848 1901 quod

446 1927 595 2029 quidam
607 1925 805 2001 monachus
822 1943 961 2015 noster,
977 1925 1168 2001 VVarinus
1185 1926 1355 2014 nomine,
1375 1952 1453 2000 non
1471 1925 1581 2025 longe
1598 1951 1617 1996 a
1634 1925 1715 1998 vico
1732 1924 1848 1996 Brue-

447 2051 553 2140 rolis,
583 2075 667 2123 cum
693 2075 836 2123 assensu
863 2046 1079 2123 nobilissimi
1106 2049 1175 2119 viri
1202 2045 1364 2136 Alberti,
1390 2045 1573 2148 quandam
1599 2063 1734 2120 terram
1759 2045 1848 2119 emit

448 2200 533 2247 cum
549 2172 633 2247 luco
649 2172 825 2272 adjacenti
843 2200 863 2245 a
880 2171 1038 2273 quodam
1059 2171 1227 2260 homine,
1255 2169 1451 2245 Mascelino
1473 2170 1642 2258 nomine,
1670 2168 1747 2245 filio
1775 2169 1848 2242 sci-

448 2296 533 2370 licet
551 2295 697 2370 Geraldi
717 2295 761 2369 de
778 2297 885 2385 Rest3
913 2323 981 2396 pro
1005 2322 1077 2397 qua
1101 2312 1172 2368 tres
1197 2294 1308 2368 libras
1324 2319 1563 2368 nummorum
1581 2292 1734 2393 praefato
1752 2293 1848 2366 Mas-

448 2419 585 2509 celino,
606 2446 676 2492 una
695 2445 781 2493 cum
797 2445 976 2495 consensu
991 2417 1118 2496 domni
1136 2420 1191 2492 sui
1208 2416 1398 2506 Herberti,
1417 2416 1461 2489 de
1476 2420 1577 2516 cujus
1590 2413 1769 2490 beneficio
1786 2443 1848 2492 ea-

447 2541 530 2614 dem
546 2557 641 2615 terra
659 2558 748 2614 erat.
769 2542 963 2615 Assensum
976 2541 1085 2614 etiam
1098 2540 1259 2642 praebuit
1272 2537 1518 2639 Hildeburgis,
1538 2542 1673 2638 conjux
1690 2539 1848 2638 ejusdem

447 2664 641 2748 Herberti,
660 2691 807 2740 necnon
825 2679 862 2738 et
879 2664 944 2738 filii
962 2691 1111 2753 eorum,
1134 2665 1294 2739 Herveus
1317 2663 1484 2737 videlicet
1507 2679 1614 2764 atque
1633 2665 1753 2763 Hugo.
1772 2663 1845 2738 Pro

447 2813 522 2888 quo
539 2813 682 2861 assensu
699 2786 816 2861 eidem
830 2787 1010 2863 Herberto
1025 2786 1188 2861 dedimus
1201 2787 1278 2860 XX
1295 2785 1429 2862 solidos
1448 2812 1703 2874 nummorum,
1719 2802 1755 2859 et
1773 2787 1848 2885 ejus

449 2911 595 3010 conjugi
626 2937 733 3010 supra
766 2927 977 2986 memoratas
1005 2912 1044 2984 X
1071 2909 1228 2999 solid0s;
1258 2909 1343 2984 filiis
1371 2936 1458 2985 vero
1491 2908 1653 2984 dedimus
1687 2935 1848 3010 congrua

447 3032 556 3108 dona.
581 3031 719 3107 Deinde
741 3033 908 3108 Carnotis
925 3060 1053 3108 omnes
1077 3059 1149 3106 una
1168 3032 1276 3105 simul
1296 3033 1500 3122 venientes,
1524 3031 1662 3106 donum
1686 3030 1847 3132 praefatas

449 3170 556 3229 terrae
590 3154 737 3255 publice
768 3181 876 3255 super
903 3155 1014 3229 altare
1043 3156 1156 3229 sancti
1191 3156 1288 3228 Petri
1318 3171 1542 3255 posuerunt,
1578 3181 1618 3226 ac
1648 3155 1686 3227 in
1714 3155 1848 3230 nostris

447 3274 675 3352 orationibus
691 3276 826 3350 ibidem
842 3303 902 3352 eos
919 3276 1144 3376 collegimus.
1164 3278 1233 3349 Has
1250 3293 1371 3349 autem
1383 3276 1523 3350 litteras
1538 3276 1618 3351 ideo
1634 3276 1711 3350 fieri
1729 3278 1849 3352 volui-

447 3426 550 3492 mus,
568 3416 631 3491 ut,
650 3399 679 3471 si
700 3400 782 3500 quis
799 3397 993 3501 aliquando
1011 3397 1096 3470 huic
1112 3397 1212 3474 dono
1229 3399 1412 3473 contraire
1432 3398 1610 3489 voluerit,
1637 3426 1848 3475 excommu-

447 3522 641 3597 nicationis
658 3520 779 3623 gladio
799 3546 1005 3620 percussus,
1030 3537 1067 3594 et
1093 3521 1303 3597 testimonio
1322 3523 1511 3596 convictus
1535 3549 1664 3598 eorum
1687 3549 1847 3623 quorum

447 3645 596 3718 nomina
612 3640 908 3743 subscripsimus,
926 3643 1003 3715 sine
1016 3641 1147 3716 ellectu
1161 3669 1245 3715 cum
1260 3641 1477 3716 verecundia
1493 3642 1665 3717 discedat.
1681 3646 1848 3720 Domnus

447 3762 639 3853 Albertus,
659 3766 761 3863 cujus
778 3763 982 3864 largitionis
1006 3763 1153 3837 initium
1175 3764 1334 3865 plurima
1356 3764 1599 3838 subsecuntur
1623 3764 1732 3839 dona.
1758 3768 1849 3841 ller-

447 3884 572 3960 bertus
596 3885 640 3959 de
667 3887 855 3959 Burseriis.
885 3883 1092 3962 Rodbertus
1114 3886 1158 3959 de
1182 3886 1348 3961 Fossatis.
1370 3888 1561 3960 Rainerius
1583 3889 1609 3960 F
1612 3887 1845 3963 inemundus.

447 4006 646 4081 Richardus
662 4010 894 4109 praepositus.
922 4008 1115 4108 Sulpicius.
1137 4007 1345 4082 Gualterius
1363 4007 1407 4083 de
1422 4010 1589 4111 Ungena.
1609 4014 1720 4102 ltem,
1735 4011 1849 4085 Gual·

448 4132 561 4203 terius
577 4132 746 4232 Pungens
762 4132 916 4204 asinum.
937 4131 1173 4204 Haimericus.
1193 4129 1400 4207 Rodbe1·tus
1416 4131 1626 4207 mischinus.
1643 4133 1848 4209 Guineber-

440 4269 520 4351 tus.
544 4254 773 4348 Tescelinus,
797 4253 955 4330 famulus
972 4253 1072 4328 Pauli
1089 4252 1271 4331 monachi.
1297 4251 1489 4347 Radulfus,
1515 4254 1670 4329 famulus
1692 4256 1847 4332 Guarini

448 4374 631 4450 monachi.
655 4407 674 4447 u
720 4374 723 4381 ’
