4462 6120
740 769 777 842 S.
800 764 943 841 PETRI
963 760 1306 834 CARNOTENSIS.
1646 751 1709 823 181

331 920 400 992 ntis
410 920 608 992 vicecomes
616 916 786 1013 contulit,
799 914 972 1011 sicutipse
982 923 1059 984 eam
1069 906 1289 1008 possidebat3
1304 908 1435 981 hocest
1447 908 1582 982 scilicet
1592 935 1716 983 omnes

330 1040 605 1115 consuetudines
620 1063 710 1138 quas
726 1037 764 1109 in
782 1063 821 1110 ea
837 1033 1011 1121 habebat,
1029 1028 1196 1103 videlicet
1220 1030 1493 1112 collocationem
1517 1045 1554 1104 et
1575 1047 1717 1130 pastum

330 1163 522 1250 caninum,
546 1177 584 1234 et
601 1163 750 1260 insuper
768 1158 889 1233 omnia
914 1181 997 1256 quae
1020 1153 1206 1253 pertinent
1223 1151 1266 1223 ad
1281 1153 1585 1227 vicecomitatum.
1610 1155 1718 1252 Cujus

329 1300 437 1358 terroe
453 1307 587 1357 nomen
605 1282 783 1354 Calciacus
799 1279 1025 1362 nominatur,
1044 1291 1080 1348 et
1100 1273 1246 1346 alterius
1260 1288 1368 1345 tertae
1382 1274 1594 1347 Berneacus.
1609 1275 1718 1372 Cujus

329 1391 634 1478 consuetudinum
663 1400 868 1473 calunniam
895 1400 1005 1496 quam
1031 1396 1162 1493 injuste
1184 1391 1382 1483 faciebam,
1410 1421 1469 1467 me
1489 1390 1718 1496 dereliquisse

328 1523 455 1597 fateor.
482 1522 644 1616 Quarum
669 1546 793 1593 rerum
815 1518 953 1594 donum
977 1533 1013 1589 et
1036 1540 1215 1614 guerpum
1232 1541 1339 1613 super
1354 1515 1465 1588 altare
1483 1516 1595 1588 sancti
1620 1516 1716 1588 Petri

328 1645 453 1742 posui,
478 1643 655 1743 simulque
671 1666 813 1714 mecum
835 1638 948 1711 irater
968 1662 1068 1709 meus
1085 1637 1203 1737 Hugo.
1221 1639 1274 1717 De
1290 1662 1361 1737 qua
1378 1636 1543 1710 calunnia
1559 1663 1618 1710 me
1634 1663 1718 1737 pec-

329 1791 422 1839 casse
439 1765 595 1866 graviter
613 1761 803 1837 confiteor.
824 1762 902 1833 Hoc
919 1761 1031 1860 igitur
1049 1758 1224 1855 scriptum
1241 1758 1304 1857 qui
1327 1757 1521 1855 dampnare
1539 1759 1715 1846 voluerit,

330 1884 366 1956 in
402 1884 569 1973 inferno,
602 1910 684 1955 cum
714 1880 802 1956 luda
832 1879 1005 1954 traditore
1033 1879 1203 1969 Domini,
1238 1879 1499 1952 cruciationem
1532 1882 1714 1952 sustineat.

329 2008 441 2106 Hujus
465 2009 515 2080 rei
539 2005 720 2079 auditores
736 2020 774 2077 et
791 2016 899 2088 testes
914 2016 1001 2075 sunt
1018 2002 1076 2074 isti
1095 2026 1254 2100 quorum
1276 2000 1335 2073 hic
1355 2002 1501 2073 nomina
1526 2016 1714 2075 notantur.

328 2129 452 2203 Droco
467 2100 756 2215 archidiaconus3
777 2090 987 2213 llilduinus,
1006 2150 1068 2225 qur
1060 2122 1181 2195 hanc
1198 2123 1403 2195 calunniam
1417 2121 1570 2211 dimisit,
1590 2125 1714 2229 Hugo,

328 2252 530 2344 Teduinus,
539 2252 758 2326 VValterius
768 2251 971 2337 statuerius,
984 2248 1062 2324 Odo
1076 2247 1239 2336 Rufinus,
1253 2249 1367 2348 Hugo
1369 2249 1541 2321 Brustans
1550 2249 1716 2340 Salicem,

327 2374 556 2448 VVillelmus
564 2371 608 2447 de
619 2373 760 2448 Bacello
771 2373 898 2450 Monte
905 2400 917 2462 3
928 2370 1021 2461 Odo,
1033 2368 1128 2442 filius
1136 2368 1308 2444 Aluzonis
1314 2397 1326 2459 3
1338 2363 1527 2461 llerardus,
1540 2372 1718 2448 Norman-

327 2520 395 2568 nus
417 2476 664 2570 decuadonis
685 2497 815 2584 Curte,
838 2494 1018 2568 lohannes
1039 2492 1275 2592 praepositus,
1300 2493 1504 2586 Raimerus,
1524 2492 1717 2567 Nicholaus

325 2614 369 2688 de
385 2616 569 2716 lutogilo,
598 2615 832 2690 VVarnerius
848 2616 892 2690 de
909 2613 1096 2721 Medanta,
1123 2614 1227 2714 Hugo
1253 2613 1296 2688 de
1322 2614 1512 2714 fagetulo,
1529 2595 1717 2689 'lohannes

327 2733 586 2827 cubicularius,
610 2737 802 2836 Hulgerius
822 2739 956 2834 maj0r,
978 2734 1187 2810 Gamelinus
1203 2739 1341 2834 maj0r,
1365 2735 1555 2810 floduinus
1578 2739 1712 2835 maj0r3

326 2854 418 2945 Ode,
437 2857 533 2928 filius
548 2858 749 2930 Constantii
758 2887 770 2945 3
786 2855 1185 2929 Raioaldus'Cossardus
1193 2910 1204 2944 ,
1221 2853 1408 2929 Albcricus
1422 2853 1616 2943 bovulcus,
1638 2853 1718 2926 Hil-

325 2976 456 3050 duinus
479 2979 511 3050 Τ
514 2978 655 3076 irellus,
683 2976 853 3050 Radulfus
868 2976 913 3049 de
928 2957 1029 3050 Bello
1048 2979 1213 3064 Monte¹,
1233 2977 1443 3064 Bernerius,
1466 2973 1715 3062 Germundus,

325 3097 526 3188 Guiatdus,
564 3098 659 3172 filius
689 3097 883 3174 Roscelini.
915 3095 1122 3170 sienfredus
1155 3095 1320 3194 scripsit,
1344 3094 1527 3194 'regnante
1559 3096 1717 3168 Henrico

324 3243 419 3318 rege.
438 3249 456 3286 u

769 3370 1118 3461 CAPITULUM
1149 3370 1263 3461 LVI.

572 3615 744 3676 De.teloneo
758 3588 868 3695 Rupis,
882 3615 960 3694 quod
974 3613 1090 3674 Guiddo
1105 3628 1133 3674 et
1148 3614 1309 3674 Richardus
1324 3613 1474 3678 dederunt.

376 3872 393 3910 a
410 3842 450 3915 ln
475 3837 607 3914 Christi
637 3841 798 3915 nomine.
827 3841 965 3916 Notum
986 3866 1060 3915 esse
1081 3843 1165 3917 volo
1185 3857 1256 3914 tam
1275 3845 1450 3942 presentis
1473 3843 1583 3943 quam
1599 3844 1714 3917 futuri
1738 3877 1799 3926 aare
1811 3895 1834 3926 ι.
1851 3868 1917 3926 loeo.

325 3962 379 4033 evi
399 3959 569 4036 omnibus
587 3959 833 4082 Christicolis,
851 3986 917 4062 ego
934 3962 1070 4036 scilicet
1087 3959 1208 4037 Guido
1225 3963 1268 4036 de
1286 3966 1409 4064 Rupe,
1437 3990 1508 4037 una
1527 3990 1610 4037 cum
1627 3991 1715 4039 con·

324 4106 430 4155 sensu
438 4079 611 4155 llichardi
627 4081 751 4160 lratris
774 4084 844 4156 mei
853 4136 865 4172 ,
890 4085 1087 4184 quoniam,
1113 4112 1182 4184 pro
1200 4111 1322 4160 amore
1342 4086 1524 4158 Creatoris
1541 4089 1657 4162 nostri
1674 4115 1715 4161 ac

325 4202 436 4276 salute
453 4205 657 4277 animarum
676 4222 903 4294 nostrarum,
923 4232 1067 4282 necnon
1083 4224 1120 4279 et
1136 4233 1204 4307 pro
1220 4209 1343 4308 requie
1361 4209 1563 4282 animarum
1577 4236 1712 4309 paren-

325 4339 407 4402 tum
422 4341 632 4405 nostrorum
649 4351 713 4427 qur
704 4325 860 4402 dehoc
881 4326 1017 4402 labenti
1039 4329 1161 4404 seculo
1183 4331 1424 4422 transierunt,
1451 4347 1489 4406 et
1508 4356 1635 4406 corum
1652 4334 1714 4431 qui

325 4448 582 4548 propagatione
607 4464 732 4523 nostra
757 4450 796 4522 in
818 4476 924 4525 carne
949 4469 1035 4524 sunt
1054 4451 1190 4541 futuri,
1209 4455 1343 4528 Sancto
1360 4456 1469 4528 Petro
1486 4453 1716 4527 Carnotensis

326 4569 485 4647 coenobii
510 4585 546 4644 et
567 4569 741 4644 fratribus
762 4571 907 4648 Christo
935 4574 1025 4647 inibi
1050 4575 1316 4665 militantibus,
1340 4578 1471 4676 quibus
1488 4580 1570 4674 jure
1592 4573 1715 4650 debito

326 4687 577 4767 subministrat
587 4691 794 4784 obediendo
809 4695 946 4770 Gesiaci
965 4695 1077 4785 cella3
1101 4698 1205 4796 ipsis,
1226 4698 1400 4797 inquam,
1421 4694 1537 4769 libens
1555 4695 1716 4773 concedo

369 4930 416 4992 'B
432 4955 440 4990 a
455 4933 490 4998 de
506 4933 598 4993 Mallo
615 4936 723 4997 Monte.
