4462 6120
412 647 435 715 l
649 681 654 690 ·
736 710 738 715 .
928 645 1279 720 MONASTERIUM

410 818 488 866 non
506 792 533 864 si
550 793 715 894 quando,
736 791 836 895 quod
849 794 1002 894 sepelit,
1019 796 1136 897 aliqua
1150 795 1292 896 questio
1307 790 1350 865 de
1363 793 1579 893 conscriptis
1590 797 1799 869 monasterii

412 917 694 1014 possessionibus
716 918 934 1006 surrexerit,
951 919 1057 990 citius
1078 916 1231 1018 legendo
1255 917 1400 989 inventa
1419 915 1593 990 solvatur.
1612 917 1723 991 Malui
1738 916 1804 992 de·

412 1039 523 1139 nique
542 1039 665 1115 fronte
679 1056 786 1141 rupta
798 1042 925 1114 vestris
939 1040 1190 1140 obtemperare
1201 1039 1425 1140 jussionibus
1446 1067 1557 1142 quam
1570 1066 1646 1118 non
1661 1038 1806 1117 obtem-

414 1160 572 1258 perando
590 1161 687 1235 deses
716 1162 840 1251 silere,
870 1179 990 1235 tacens
1014 1164 1145 1237 timore
1169 1161 1450 1264 obloquentium
1476 1164 1560 1264 qui,
1586 1163 1805 1263 simplicium

414 1283 529 1356 studia
545 1312 613 1385 pro
633 1285 770 1362 nichilo
794 1285 986 1373 ducentes,
1013 1286 1079 1384 ipsi
1107 1286 1145 1356 in
1171 1286 1243 1358 suis
1264 1282 1513 1385 voluptatibus
1539 1287 1739 1385 sopientes,
1760 1283 1806 1357 ab

415 1404 624 1480 bominibus
641 1409 717 1481 sine
737 1409 812 1485 ullo
829 1406 918 1482 boni
938 1410 1058 1508 operis
1075 1408 1205 1482 effectu
1221 1408 1352 1482 volunt
1364 1408 1479 1481 videri
1497 1409 1681 1507 sapientes.

463 1531 613 1603 Decrevi
640 1533 748 1604 etiam
773 1531 874 1603 villas
896 1530 1071 1630 singulas,
1092 1531 1209 1618 vicos,
1229 1556 1351 1630 agros,
1379 1529 1483 1601 silvas
1505 1545 1543 1602 et
1562 1544 1691 1603 caetera
1706 1530 1804 1617 loca,

415 1651 669 1751 religiosorum
693 1652 857 1727 virorum
879 1653 1071 1751 largitione
1095 1653 1134 1723 in
1157 1651 1304 1724 illorum
1327 1648 1513 1750 stipendiis
1538 1650 1637 1741 data,
1665 1653 1693 1724 si
1711 1651 1808 1725 forte

415 1771 527 1846 fuerit
545 1774 670 1847 datum
683 1774 792 1847 michi
808 1777 929 1849 ocium
943 1775 1000 1848 vel
1016 1775 1182 1862 facultas,
1200 1774 1365 1846 terminis
1379 1774 1537 1874 propriis
1550 1775 1622 1848 sive
1637 1773 1808 1847 arcifiniis

415 1894 584 1970 dissidere
600 1895 645 1969 ab
663 1900 860 1987 extraneis,
881 1915 922 1970 ut
948 1897 984 1970 hi
1010 1900 1073 2000 qui
1104 1899 1200 1969 intra
1223 1896 1452 1997 paradisiacas
1472 1898 1684 1970 sanctissimi
1705 1898 1809 1970 ovilis

416 2018 580 2092 mandras
605 2036 805 2119 spontaneo
826 2036 915 2095 voto
933 2035 1019 2091 sunt
1042 2020 1192 2109 inclusi,
1220 2017 1358 2091 mundo
1380 2019 1527 2119 quidem
1550 2020 1708 2108 mortui,
1732 2019 1808 2093 Deo

416 2156 536 2213 autem
560 2142 738 2231 viventes,
761 2142 878 2214 earnis
899 2140 1070 2215 desideria
1091 2141 1229 2241 jugiter
1250 2139 1492 2230 mortificant,
1512 2140 1620 2215 honis
1643 2141 1808 2216 moribus

417 2264 552 2335 animas
569 2263 852 2353 suasadorrwt,
867 2262 1022 2336 babeant
1033 2261 1199 2335 videlicet
1211 2289 1286 2362 prae
1300 2261 1468 2335 manibus
1480 2264 1655 2338 noticiam
1665 2289 1810 2336 suarum

416 2410 540 2458 rerum
554 2385 597 2459 ad
616 2387 727 2458 instar
747 2383 895 2460 illorum
909 2386 972 2486 qui
986 2383 1188 2485 praevident
1207 2410 1276 2458 eas.
1292 2386 1447 2484 Oportet
1465 2386 1563 2457 enim
1577 2411 1704 2459 omnes
1719 2386 1811 2458 scire

415 2532 472 2582 res
498 2507 632 2608 quibus
657 2511 775 2581 victus
795 2526 832 2581 et
848 2509 997 2582 vestitus
1020 2510 1071 2581 eis
1088 2506 1378 2598 administratur,
1406 2524 1448 2580 ut
1465 2507 1722 2607 sacrilegorum
1738 2534 1812 2580 am·

416 2627 531 2720 bitio,
557 2657 638 2731 quae
655 2631 782 2703 litibus
798 2645 834 2704 et
855 2630 965 2701 minis
980 2656 1120 2729 semper
1142 2629 1320 2729 simplices
1344 2629 1460 2717 viros,
1480 2646 1522 2701 ut
1546 2629 1592 2701 ab
1609 2629 1658 2702 eis
1674 2629 1809 2729 aliquid

418 2767 649 2854 extorqueat,
661 2770 835 2842 exterret,
852 2752 1184 2852 possintrepellere.
1202 2754 1244 2825 ln
1259 2750 1524 2852 causisquidem
1534 2751 1615 2851 plus
1625 2752 1810 2852 valetplu-

419 2877 598 2948 rimorum
614 2903 722 2976 quam
740 2876 848 2947 unius
868 2874 1027 2948 assertio.
1047 2873 1185 2945 Placuit
1198 2899 1344 2974 quoque
1361 2872 1446 2944 huic
1460 2875 1616 2946 inserere
1629 2873 1809 2974 paginulae

418 2997 518 3097 quod
531 2999 631 3072 locus
646 2999 711 3071 iste
719 3052 730 3087 ,
744 2999 836 3070 sicut
846 2996 891 3070 ab
904 2995 1254 3098 antiquorumdictis
1266 2997 1324 3070 vel
1338 2998 1480 3098 scriptis
1492 2996 1699 3086 didicimus,
1716 2999 1813 3071 inter

418 3120 552 3220 regales
569 3145 634 3221 per
659 3119 812 3193 Galliam
835 3117 1010 3193 nobiliter
1026 3118 1218 3208 fundatos,
1240 3136 1277 3193 et
1301 3117 1545 3221 augustalibus
1566 3120 1699 3208 titulis,
1724 3146 1812 3193 auro

418 3243 473 3316 vel
491 3260 660 3343 argento,
680 3269 742 3317 seu
757 3243 1208 3343 ingentiornamentorum
1219 3244 1320 3342 copia
1331 3242 1573 3344 omnibusque
1586 3240 1694 3315 rebus
1703 3268 1813 3314 mun-

419 3364 520 3437 danis
531 3364 664 3466 quibus
677 3365 859 3437 attollitur
873 3363 1026 3436 humana
1040 3363 1235 3464 fragilitas,
1253 3365 1666 3464 comptusetpraeclarus
1675 3364 1809 3437 extitit.

469 3488 607 3562 Verum
623 3489 706 3589 quia
725 3513 805 3587 sepe
823 3486 864 3559 fit
880 3502 920 3558 ut
937 3487 999 3558 ubi
1022 3484 1343 3586 superhabundant
1359 3485 1516 3575 divitiae,
1537 3486 1586 3558 ibi
1596 3541 1606 3575 ,
1627 3488 1721 3561 socia
1744 3486 1813 3558 im-

420 3613 601 3708 punitate,
617 3612 780 3710 ingentes
794 3627 1055 3710 exaggerantur
1073 3610 1206 3709 culpae,
1225 3610 1358 3710 quihus
1371 3612 1493 3684 miseri
1512 3610 1675 3685 homines
1693 3608 1813 3708 impli-

423 3735 484 3806 citi
516 3734 726 3835 largitorem
755 3759 879 3807 rerum
909 3761 989 3807 ceca
1012 3748 1134 3807 mente
1164 3733 1381 3835 neglegunt,
1409 3749 1465 3823 et,
1496 3733 1583 3805 dum
1613 3733 1651 3804 in
1677 3733 1811 3830 peccati

422 3883 552 3933 sumno
569 3857 787 3955 sopiuntur,
815 3855 955 3929 bostem
976 3871 1162 3946 secuntur,
1179 3855 1300 3954 poenis
1317 3855 1495 3956 plectendi
1511 3855 1713 3954 perpetuis,
1733 3878 1814 3954 sepe

422 3997 542 4053 tamen
562 3979 795 4078 omnipotens
810 3981 905 4052 Deus
924 3994 960 4052 et
981 3976 1172 4079 affligendo
1189 3980 1381 4051 miseretur
1396 3976 1665 4079 peccatoribus,
1683 3991 1721 4048 et
1740 3976 1815 4048 mi-

382 4140 384 4143 ·
422 4100 573 4176 serendo
589 4101 714 4201 aflligit
728 4099 821 4176 filios
836 4127 927 4202 quos
943 4101 1087 4200 recipit.

474 4339 519 4410 ll.
539 4339 663 4438 ltaque
680 4355 899 4413 memoratus
914 4340 1032 4428 locus,
1053 4365 1129 4412 non
1147 4338 1255 4437 longe
1272 4364 1291 4409 a
1308 4335 1475 4410 menibus
1489 4339 1696 4411 carnotinae
1715 4335 1815 4408 urbis·

424 4461 638 4534 normaliter
658 4462 766 4551 situs,
784 4490 860 4537 non
874 4461 1018 4537 modico
1040 4459 1302 4536 monachorum
1326 4476 1424 4533 coetu
1444 4458 1710 4558 resplendebat,
1729 4459 1791 4560 qui
1802 4515 1813 4547 ,

425 4583 463 4654 in
486 4582 618 4656 Christi
645 4611 785 4674 amore,
814 4587 931 4659 carnis
947 4586 1037 4658 vicia
1061 4583 1315 4660 mortificando
1333 4580 1637 4683 comprimebant;
1657 4600 1693 4655 et
1709 4581 1815 4655 beato

424 4707 532 4782 Petro
549 4707 713 4806 apostolo
730 4707 925 4800 famulans,
946 4709 1044 4781 velut
1068 4707 1212 4781 Lucifer
1236 4724 1323 4780 tuuc
1345 4707 1515 4782 omnibus
1537 4707 1716 4778 virtutum
1736 4705 1816 4780 luce

424 4828 596 4903 radiabat.
631 4831 726 4905 Urbs
751 4832 908 4933 denique
935 4860 1041 4932 supra
1059 4847 1277 4925 memorata,
1302 4829 1477 4932 populosa
1493 4827 1687 4905 admodum
1709 4845 1817 4929 atque

1721 5054 1740 5254 *l
