4462 6120
423 729 467 797 16
948 720 1298 797 MONASTERIUM

420 873 531 945 lutiva
551 871 717 947 libertate
736 872 889 960 donata,
913 871 1150 944 sinceriorem
1176 896 1242 969 per
1268 868 1493 944 succedentia
1518 886 1681 971 tempora
1703 868 1818 945 divini

420 996 537 1067 cultus
553 997 713 1070 Domino
729 995 844 1069 valeat
860 993 1006 1068 exibere
1018 993 1201 1065 militiam.
1217 993 1325 1087 Quod
1336 996 1444 1067 etiam
1458 993 1581 1066 inclita
1593 997 1668 1093 ejus
1676 992 1816 1092 proles,

419 1145 602 1192 successor
619 1119 785 1192 videlicet
807 1146 869 1192 rex
887 1116 1042 1190 Karolus
1057 1131 1081 1202 ¹,
1103 1117 1215 1215 patris
1235 1117 1435 1189 imitamina
1454 1144 1627 1219 sequens,
1646 1117 1714 1189 sub
1730 1143 1820 1189 auc-

419 1241 576 1314 toritatis
600 1268 671 1313 suae
694 1256 875 1341 praecepto
892 1239 1071 1340 perpetim
1094 1236 1363 1311 observandum
1382 1239 1578 1312 mandavit.
1599 1241 1680 1339 Ego
1705 1239 1819 1339 igitur

418 1366 455 1436 in
472 1364 538 1437 Dei
552 1366 702 1437 nomine
715 1365 933 1451 Aimericus,
953 1361 1062 1434 nullis
1078 1359 1362 1459 praecedentibus
1376 1361 1644 1462 stipendiorum
1655 1362 1815 1450 meritis,

417 1486 477 1560 sed
494 1486 566 1560 sola
585 1487 727 1560 favente
740 1487 861 1560 divina
878 1485 1131 1571 miseratione,
1152 1481 1300 1556 humilis
1314 1485 1593 1559 Carnotensium
1604 1486 1815 1584 episcopus,

417 1608 709 1708 supradictorum
735 1609 945 1709 principum
973 1634 1079 1679 sacrae
1110 1607 1385 1681 constitutionis
1414 1634 1614 1696 memores,
1647 1633 1819 1707 comper-

417 1747 497 1803 tum
521 1758 594 1805 esse
620 1732 789 1806 volumus
819 1733 958 1803 cunctis
984 1732 1109 1802 matris
1136 1730 1306 1804 aecclesiae
1337 1747 1469 1804 sanctae
1498 1732 1622 1803 Mariae
1652 1728 1819 1803 fidelibus

416 1856 643 1954 nostrisque,
665 1855 822 1955 qualiter
839 1852 988 1955 quidam
1004 1853 1176 1927 diaconus
1197 1869 1233 1925 et
1256 1855 1453 1928 canonicus
1475 1868 1617 1942 noster,
1638 1852 1818 1952 Frotgin-

416 2004 481 2077 gus
506 1978 674 2066 nomine,
698 1976 743 2048 ab
762 1976 921 2077 ejusdem
943 1976 1108 2049 aecclesiae
1131 1975 1307 2049 nobiliter
1328 1975 1499 2050 educatus
1519 1977 1643 2064 cunis,
1669 1979 1818 2054 veniens

417 2101 453 2171 in
471 2100 690 2198 presentiam
708 2114 891 2186 nostram,
913 2097 1101 2171 humiliter
1118 2099 1316 2197 postulavit
1330 2116 1372 2171 ut
1389 2127 1432 2173 ex
1444 2125 1506 2171 sua
1519 2127 1599 2173 area
1611 2127 1721 2202 quam
1732 2103 1818 2204 qui·
1861 2156 1864 2163 -

414 2221 497 2294 dam
515 2222 694 2321 presbiter
713 2239 750 2296 et
768 2223 964 2297 canonicus
982 2223 1105 2296 Sancti
1122 2222 1243 2311 Petri,
1269 2224 1420 2298 nomine
1440 2224 1696 2314 Winemarus,
1720 2228 1817 2300 viam

415 2346 592 2418 universae
615 2348 732 2419 carnis
750 2345 892 2433 abiens,
916 2347 947 2419 ei
971 2345 1062 2421 olim
1080 2347 1248 2420 noscitur
1271 2345 1470 2420 vendidisse
1481 2361 1507 2436 ¹,
1533 2346 1715 2421 firmitatis
1737 2375 1818 2422 car-

415 2468 529 2539 tulam
549 2467 679 2542 exinde
698 2468 815 2544 facere
840 2486 877 2544 et
903 2467 1079 2545 roborare
1098 2486 1227 2544 nostro
1250 2472 1401 2544 nomine
1423 2470 1682 2571 delegeremus.
1708 2471 1817 2567 Quod

413 2590 581 2690 quidem,
597 2618 662 2692 per
675 2618 892 2666 consensum
907 2594 1169 2668 canonicorum
1188 2609 1224 2666 et
1237 2593 1398 2668 fidelium
1413 2610 1626 2668 nostrorum
1635 2649 1646 2683 ,
1662 2594 1816 2696 dignum

414 2712 584 2786 duximus
606 2714 825 2788 faciendum.
851 2719 916 2789 Est
938 2733 1058 2789 autem
1083 2717 1156 2816 ipsa
1176 2743 1256 2791 area
1281 2719 1319 2790 in
1339 2733 1534 2818 prospectu
1555 2718 1711 2792 civitatis
1728 2721 1817 2792 Car-

417 2839 513 2909 notis
538 2838 631 2910 infra
655 2840 852 2911 claustrum
873 2841 993 2912 Sancti
1016 2841 1134 2928 Petri,
1162 2840 1205 2913 ad
1229 2839 1465 2915 meridianam
1490 2842 1628 2915 scilicet
1654 2841 1812 2943 plagam,

417 2957 552 3033 habens
573 2963 611 3034 in
629 2962 782 3064 longum
808 2965 960 3064 perticas
983 2990 1119 3053 xxxvi,
1147 2966 1246 3039 etin
1272 2992 1347 3040 uno
1372 2967 1488 3065 capite
1506 2966 1661 3066 perticas
1683 2991 1753 3039 vtu
1779 2983 1816 3040 et

415 3081 586 3156 dextrum
605 3112 738 3175 unum,
759 3089 797 3160 in
812 3088 926 3162 altero
945 3115 1032 3163 vcro
1050 3090 1165 3189 capite
1182 3091 1335 3188 perticas
1355 3116 1408 3162 v11
1431 3105 1467 3163 et
1481 3088 1652 3162 dextrum
1671 3113 1699 3162 1.
1722 3091 1816 3163 Ter·

417 3207 577 3279 minatur
605 3226 726 3282 autem
754 3209 799 3282 ab
825 3239 901 3284 uno
929 3212 1038 3286 latere
1065 3229 1101 3286 et
1131 3238 1202 3284 una
1230 3212 1354 3287 fronte
1382 3228 1477 3285 terra
1506 3212 1664 3285 fratrtnn
1692 3213 1814 3286 Sancti

415 3331 534 3417 Petri,
550 3329 596 3403 ab
614 3332 727 3408 altero
741 3334 853 3408 latere
865 3336 921 3408 via
934 3333 1100 3438 publica,
1117 3350 1153 3408 et
1164 3360 1234 3406 una
1249 3334 1372 3408 fronte
1390 3336 1525 3408 exitus³
1546 3336 1584 3408 in
1599 3336 1810 3408 claustrum.

415 3452 512 3525 Infra
537 3452 598 3526 has
622 3457 895 3531 terminationes
913 3456 1100 3558 praefatam
1116 3483 1234 3530 aream
1243 3513 1254 3545 ,
1272 3485 1355 3531 cum
1372 3459 1475 3531 vinea
1492 3485 1574 3560 quae
1589 3458 1707 3533 eidem
1719 3484 1814 3532 areae

414 3579 639 3678 superposita
657 3605 730 3652 esse
746 3578 903 3669 videtur,
923 3596 1099 3680 perpetuo
1121 3608 1187 3680 per
1208 3579 1410 3680 hujusmodi
1430 3581 1603 3654 cartulam
1624 3583 1655 3655 ei
1676 3580 1813 3656 haben-

415 3698 496 3771 dam
522 3701 754 3775 concedimus
777 3734 785 3773 :
809 3703 858 3773 ita
881 3701 1058 3776 duntaxat
1082 3718 1143 3793 ut,
1165 3707 1269 3802 juxta
1292 3723 1578 3779 memoratorum
1602 3707 1813 3806 principum

414 3822 577 3911 decreta,
603 3823 737 3924 absque
762 3851 887 3898 census
910 3827 1097 3900 exactione
1120 3853 1199 3900 eam
1221 3829 1417 3916 obtinens,
1442 3826 1625 3901 liberioris
1647 3828 1812 3930 obsequii

414 3945 573 4018 cultibus
590 3946 749 4021 Domino
768 3948 882 4021 valeat
897 3948 1082 4035 famulari3
1104 3973 1251 4021 censum
1266 3974 1354 4024 vcro
1365 3949 1511 4022 nullum
1531 3952 1705 4049 cuipiam,
1721 3947 1815 4024 sicut

413 4096 519 4168 supra
537 4069 762 4160 dictumest,
784 4070 913 4145 exinde
930 4069 1109 4160 exsolvat,
1130 4072 1200 4143 nisi
1221 4070 1324 4142 illum
1341 4073 1405 4172 qui
1421 4070 1465 4143 ad
1479 4071 1613 4145 divinae
1629 4076 1813 4148 servitutis

413 4193 595 4291 pertinere
621 4193 767 4268 videtur
795 4194 976 4267 militiam.
1009 4195 1160 4294 Insuper
1184 4195 1293 4267 etiam
1322 4195 1354 4267 ei
1385 4194 1569 4267 licentiam
1599 4195 1724 4270 damus
1745 4214 1810 4288 ut,

412 4316 509 4391 salvo
526 4316 726 4416 pontificali
744 4321 849 4417 jure,
872 4318 928 4391 vel
946 4319 1040 4390 sicut
1063 4319 1102 4390 in
1126 4317 1236 4418 regali
1259 4317 1471 4391 continetur
1491 4336 1675 4419 praecepto
1687 4375 1698 4410 ,
1730 4321 1812 4394 cui-

412 4466 567 4543 cumque
581 4439 740 4515 conferri
762 4443 799 4515 in
819 4442 942 4517 eadem
965 4444 1138 4518 canonica
1158 4441 1310 4517 domino
1330 4442 1502 4515 militanti
1521 4443 1673 4519 libuerit
1690 4461 1813 4544 potes-

455 4727 462 4752 ¹
482 4716 599 4778 Carolus
616 4717 738 4794 Calvus,
753 4719 828 4782 lilius
846 4720 983 4782 Ludovici
998 4722 1095 4804 impe·
1170 4718 1250 4778 ·Hic
1268 4719 1492 4799 superscriptum
1508 4717 1670 4800 reliquisse.

411 4817 521 4875 tutoris.
1171 4818 1182 4857 ³
1199 4819 1277 4880 Fert.
1294 4816 1352 4898 leg.
1366 4861 1373 4889 ,
1389 4831 1415 4876 et
1430 4816 1632 4899 alterafronte
1646 4817 1735 4883 exitu.
