4462 6120
1759 498 1798 562 1

479 791 518 849 c
745 734 784 807 s.
807 724 1315 808 rnrarcaauormsis.
1563 747 1568 756 f
1676 737 1723 808 aa

331 878 431 954 dium
439 909 450 971 3
472 881 508 954 in
527 879 681 971 Matisco
699 907 814 954 unum
828 880 1077 981 hospitiolum.
1090 879 1145 953 Ad
1163 880 1275 975 linem
1289 871 1377 955 vero
1391 896 1513 970 cartae,
1528 879 1604 954 baec
1615 872 1726 955 ‘crant

330 1005 462 1103 scripta
480 1033 487 1072 :
504 1036 520 1073 u
536 990 639 1092 Haec,
660 991 799 1105 inquit,
819 1018 953 1103 praeter
972 1004 1031 1075 illa
1051 1009 1133 1104 quae
1153 992 1352 1093 habebant',
1371 1003 1492 1103 largiti
1507 1028 1630 1076 sumus
1645 1003 1725 1077 fra-

331 1125 448 1199 tribus
469 1152 577 1226 opem
593 1124 864 1226 postulantibus
873 1154 884 1212 5
906 1140 944 1196 et
960 1132 1060 1221 nelca
1079 1120 1389 1221 securiusqmstris
1407 1119 1618 1228 futurisque
1630 1143 1725 1202 tem-

329 1247 479 1347 poribus
504 1247 747 1347 possiderent,
771 1236 1037 1346 subscriptione
1063 1239 1209 1347 propria
1235 1247 1506 1337 roboravimus,
1523 1247 1724 1352 fratresque
1800 1312 1806 1324 .

330 1385 365 1442 et
393 1370 623 1472 coepiscopos
644 1385 807 1458 nostros,
828 1385 870 1442 ut
899 1369 993 1452 idem
1012 1362 1128 1441 facere
1148 1368 1387 1469 dignarentur
1404 1368 1652 1461 obsecrantes,
1680 1370 1724 1443 ad

330 1492 424 1607 idem
458 1491 703 1592 praestandum
739 1492 955 1566 beneficium
989 1491 1095 1564 facile
1120 1490 1297 1565 lleximus
1326 1494 1575 1592 supplicamus
1601 1508 1723 1566 autem

329 1594 455 1690 omnes
489 1638 708 1690 successores
738 1619 910 1707 nostros,
946 1631 1000 1687 ut
1024 1615 1123 1715 quod
1148 1614 1306 1714 benigne
1337 1615 1491 1690 anobis
1520 1608 1641 1688 actum
1670 1632 1724 1688 est

330 1727 492 1837 ipsotbm
508 1763 654 1838 quoque
676 1725 922 1812 benivolentia
945 1751 1191 1824 conservetur,
1218 1753 1260 1808 ut
1285 1738 1323 1809 in
1342 1736 1724 1835 divinaretributione

328 1860 590 1932 munificentiae
623 1877 757 1932 nostrae
795 1844 906 1931 fiant
919 1860 1165 1976 participes.»
1197 1858 1468 1960 Arebreprscop1
1506 1861 1723 1935 Senonensis

328 2008 463 2056 nomen
480 1997 656 2055 vetustate
675 1981 884 2066 exoletum
877 2008 914 2054 m
932 1983 1108 2080 scriptum
1124 1979 1338 2053 dimisimus.
1361 1981 1629 2073 eGislebertus,
1650 1981 1720 2053 hu-

327 2103 424 2176 milis
440 2105 716 2177 carnotensium
736 2105 944 2202 episcopus,
965 2102 1050 2174 buic
1068 2101 1214 2178 decreto
1237 2131 1256 2175 a
1274 2104 1382 2179 nobis
1398 2104 1495 2180 facto
1512 2103 1720 2204 subscripsi.

285 2253 289 2256 “
328 2225 572 2349 Hildegarius,
602 2224 795 2298 Meldensis
823 2225 992 2299 aecclesiae
1014 2225 1159 2325 praesul.
1184 2228 1338 2317 AEneas,
1367 2229 1491 2300 Parisii
1518 2229 1721 2328 episcopus.

291 2395 299 2402 -
327 2347 561 2437 Folcbichus,
584 2348 753 2448 indignus
772 2349 961 2460 episcopus
979 2345 1152 2448 Augustae
1173 2350 1380 2424 Tr.icorum
1376 2349 1622 2441 cristianus,
1644 2347 1722 2421 Au-

328 2470 553 2545 tisiodorens'
528 2498 573 2544 rs
588 2470 757 2570 indignus
771 2471 973 2585 episcopus,
993 2473 1168 2571 egrapsi'.
1190 2470 1296 2560 Aius,
1318 2472 1632 2546 Aurelianensium
1644 2471 1722 2571 epi-

326 2619 467 2692 scopus.
492 2595 532 2666 ln
551 2595 616 2667 Dei
632 2595 782 2667 nomine
806 2621 873 2693 ego
893 2597 1035 2692 Lupus,
1058 2592 1167 2666 abbas
1183 2595 1458 2788 Ὲῖανίεῐιείε
1434 2595 1681 2670 monasterii&
1701 2624 1747 2663 n>

326 2719 410 2789 Haec
432 2731 552 2792 autem
579 2734 673 2789 carta
697 2717 775 2788 ideo
798 2734 851 2789 est
880 2718 918 2788 in
945 2716 1017 2787 line
1035 2714 1119 2787 libri
1149 2742 1236 2788 coris
1280 2732 1373 2815 spur,
1397 2718 1481 2816 quia
1501 2719 1537 2788 in
1562 2714 1720 2817 quodam

326 2841 495 2936 pitaciolo
513 2855 751 2981 coopertura
745 2864 827 2913 sero
845 2838 943 2909 fuit
935 2853 1093 2910 inventa.
1645 2918 1649 2925 ¹

377 2987 435 3031 22
465 2960 551 3034 Post
574 2961 711 3032 exitum
716 2930 886 3057 denique
905 2957 1095 3037 Gisleverti
1117 2960 1295 3057 praesulis,
1314 2963 1442 3059 pagani
1467 2963 1719 3051 transmarini,

325 3109 408 3154 cnm
420 3082 533 3154 multa
548 3081 655 3152 classe
667 3081 865 3167 venientes,
879 3104 971 3177 pene
985 3093 1096 3151 totam
1110 3081 1295 3178 Europam
1307 3081 1460 3153 llammis
1469 3098 1577 3184 atque
1588 3074 1720 3182 praedis

324 3204 494 3304 ferroque
507 3202 642 3274 crudeli
658 3197 911 3300 depopulando
925 3214 1153 3272 vastaverunt
1162 3231 1173 3290 ;
1191 3228 1275 3273 nam
1290 3204 1494 3277 Lunensem
1511 3203 1660 3293 urbem,
1680 3220 1721 3276 ut

324 3343 424 3402 retro
441 3326 576 3398 affatim
594 3326 718 3424 scripsi
736 3379 746 3412 ,
771 3323 856 3399 dolo
883 3325 1083 3423 capientes,
1110 3327 1264 3412 cruento
1280 3351 1364 3398 ense
1381 3315 1721 3428 urumqueo'exum
1785 3357 1790 3367 ·

323 3465 576 3548 peremerunt,
606 3446 782 3549 indeque,
815 3445 983 3520 subversa
1016 3445 1108 3520 urbe
1119 3501 1130 3536 ,
1159 3448 1277 3523 levato
1307 3466 1494 3523 artemone
1513 3437 1721 3548 Affrieoqtte

324 3572 450 3660 llante,
467 3571 657 3644 redeuntes
670 3569 938 3670 Aquitanorum
948 3570 1135 3669 regionem
1149 3584 1256 3670 atque
1266 3571 1497 3643 Pictavorum
1505 3574 1607 3669 juxta
1619 3596 1720 3644 mare

324 3693 556 3794 adjacentem,
572 3691 704 3792 praedis
717 3708 754 3764 et
769 3692 891 3793 iniqua
906 3689 1002 3765 caede
1014 3690 1288 3793 depopulantes,
1301 3694 1397 3766 intra
1410 3708 1528 3792 partes
1538 3693 1719 3767 Neustr'iae

325 3818 550 3917 navigantes,
575 3817 613 3886 in
635 3831 786 3914 portum
809 3812 970 3886 lluminis
993 3814 1093 3886 Divae
1115 3816 1382 3914 applicuerunt.
1407 3818 1556 3916 Jamque
1579 3817 1716 3902 securi,

325 3939 458 4014 relictis
486 3937 536 4009 ibi
566 3935 716 4009 navibus
742 3953 779 4010 et
806 3936 912 4009 variis
935 3935 1142 4037 praedarum
1169 3937 1370 4038 manubiis,
1399 3937 1442 4013 ad
1470 3936 1562 4012 banc
1589 3936 1719 4011 urbem

324 4061 462 4163 pernici
484 4086 591 4134 cursu
611 4086 819 4160 pervenere.
839 4059 962 4133 Noctu
980 4057 1157 4160 denique,
1178 4059 1395 4132 circumdata
1416 4060 1506 4133 urbe
1522 4077 1560 4133 et
1580 4059 1719 4132 civibus

323 4211 366 4257 ex
385 4183 581 4283 improviso
601 4182 771 4271 obsessis,
790 4180 936 4255 barbari
954 4208 1019 4280 per
1037 4182 1172 4254 moenia
1192 4178 1238 4253 ab
1254 4179 1418 4255 hostibus
1434 4209 1581 4284 persepe
1598 4181 1718 4256 diruta

324 4333 363 4378 ac
385 4333 449 4406 per
473 4321 596 4406 portas
615 4290 812 4392 irruentes,
832 4303 1021 4379 obviantes
1041 4302 1109 4375 sibi
1119 4357 1131 4392 ,
1155 4305 1231 4404 sine
1255 4303 1477 4394 differentia,
1497 4304 1596 4381 ferro
1614 4332 1720 4381 neca-

324 4445 474 4517 verunt,
495 4444 621 4529 atque,
645 4426 740 4498 intra
764 4439 917 4497 matrem
937 4423 1159 4512 aecclesiam,
1180 4451 1257 4500 non
1275 4424 1455 4523 modicam
1476 4427 1619 4527 pbbem
1637 4455 1718 4500 cnm
1740 4514 1745 4518 ,

324 4577 390 4627 suo
409 4553 597 4652 episeopo,
615 4534 766 4630 nomine
778 4545 988 4623 Frodboldo
998 4599 1008 4635 ,
1030 4549 1288 4650 canbnicisque
1301 4549 1468 4624 aecclesiae
1482 4566 1519 4623 et
1530 4547 1717 4623 monachis

366 4761 374 4784 ¹
392 4750 447 4809 Pro
460 4740 585 4826 ἷγριψι.
603 4750 647 4809 De
662 4749 798 4830 singulari
819 4750 900 4829 signo
916 4747 1000 4826 hujus
1020 4789 1023 4794 -
1078 4746 1148 4805 Ι01)
1162 4761 1344 4830 etatemque
1363 4751 1497 4809 vixerunt
1514 4748 1719 4828 subscriptores

325 4838 452 4927 episcopi
475 4835 681 4928 graecissantis,
709 4845 776 4905 vide
799 4844 999 4905 Mabillonium
1037 4842 1151 4903 videtur
1173 4845 1269 4906 charta
1298 4847 1412 4906 circiter
1437 4846 1473 4906 ad
1500 4869 1527 4904 a.
1555 4842 1615 4905 860
1640 4845 1720 4914 τάθη

324 4944 462 5003 deusd·
494 4944 615 5004 omatl.
634 4965 677 5018 vt,
696 4943 823 5026 tab.57.
1036 4940 1138 5002 reuda.
1609 4957 1611 4964 ⁴

493 5024 547 5144 rb
