4462 6120
356 699 424 769 138
878 698 1225 776 MONASTERIUM

794 935 1160 1068 clrmunnu
1194 975 1299 1066 xv.

826 1223 872 1284 De
887 1225 1014 1286 aecclesia
1031 1225 1272 1286 castellariorum.

154 1453 212 1497 ante
225 1468 246 1498 a.
262 1453 330 1502 roso.
405 1475 423 1513 n
438 1443 597 1516 Domino
617 1459 744 1518 nostro
760 1442 891 1534 Jhesu,
910 1461 1039 1520 nostro
1055 1445 1224 1520 omnium
1248 1468 1372 1516 rerum
1391 1439 1599 1528 conditore,
1619 1440 1747 1538 prassi-

354 1565 476 1640 dente.
494 1563 671 1637 Omnibus
689 1580 820 1637 sanctae
842 1568 909 1639 Dei
932 1567 1101 1640 aecclesiae
1121 1565 1205 1639 liliis
1226 1581 1358 1640 notum
1375 1588 1449 1636 esse
1466 1564 1654 1650 volumus,
1678 1584 1747 1662 ego

355 1688 538 1760 Hubertus
566 1683 674 1758 abbas
707 1702 744 1760 et
772 1687 1035 1764 monachorum
1069 1704 1270 1761 conventus
1299 1687 1419 1760 Sancti
1450 1687 1548 1760 Petri
1582 1682 1745 1759 coenobii

355 1809 604 1896 carnotensis,
617 1810 702 1909 quia
713 1808 859 1909 quidam
872 1811 993 1898 miles,
1008 1811 1157 1884 nomine
1171 1808 1377 1885 Rodbertus
1390 1808 1624 1896 Fossatensis,
1637 1822 1746 1906 atque

356 1941 491 2032 Agnes,
506 1934 581 2029 ejus
593 1929 807 2003 venerabilis
824 1935 1003 2030 conjunx,
1022 1959 1090 2030 pro
1104 1930 1263 2005 remedio
1280 1957 1427 2003 suarum
1443 1954 1666 2029 suorumque
1681 1954 1747 2028 pa·

354 2071 501 2129 rentum
519 2054 741 2141 animarum,
766 2051 962 2127 inhonore
982 2052 1077 2127 beati
1101 2054 1198 2127 Petri
1221 2053 1395 2152 apostoli,
1417 2054 1456 2124 in
1479 2052 1642 2139 Pertioo,
1669 2075 1746 2124 non

354 2178 462 2274 longe
484 2202 504 2246 a
526 2175 619 2248 Mori
640 2172 794 2262 Villare,
820 2173 1113 2247 castellariorum
1138 2175 1353 2261 aecclesiam,
1373 2191 1559 2247 coemento
1574 2190 1612 2245 et
1631 2170 1747 2273 lapide

355 2313 599 2371 constructam
613 2324 632 2367 a
645 2294 908 2368 sanctimoniali
924 2295 1076 2384 femina,
1095 2297 1246 2373 nomine
1262 2295 1432 2386 Hadvisa,
1450 2312 1565 2368 matre
1581 2293 1747 2368 videlicet

354 2420 513 2521 praesatae
533 2419 700 2518 Agnetis,
720 2443 803 2490 cnm
820 2443 963 2491 assensu
979 2435 1016 2491 et
1032 2435 1206 2518 prompto
1223 2419 1353 2492 affectu
1367 2420 1470 2491 istius
1489 2417 1747 2492 sanctimonia-

355 2540 417 2625 lis,
437 2543 572 2640 pariter
587 2557 622 2613 et
638 2534 799 2614 filiorum
816 2539 1043 2642 filiarumque
1058 2567 1224 2631 suarum,
1244 2557 1372 2615 nostro
1388 2540 1470 2616 loco
1488 2540 1745 2627 contulerunt3

354 2679 390 2735 et
413 2688 458 2736 ne
481 2664 554 2738 sola
577 2662 759 2736 videretur
776 2688 849 2736 esse
868 2662 944 2735 haec
960 2690 1089 2737 eorum
1105 2664 1271 2765 largitio,
1292 2666 1331 2738 in
1349 2664 1474 2738 eodem
1492 2666 1573 2739 loco
1592 2661 1746 2736 addide-

353 2801 461 2874 runt,
490 2784 534 2856 ad
554 2783 808 2870 excolendum,
830 2800 964 2856 terram
989 2785 1096 2857 unius
1118 2786 1225 2858 aratri
1250 2801 1288 2859 et
1303 2784 1395 2859 duos
1417 2786 1610 2886 aripennos
1632 2783 1744 2884 prati.
1837 2865 1838 2868 Ἴ

355 2907 524 3005 Quorum
541 2908 684 2995 animae,
706 2907 743 2978 in
756 2907 895 3007 gremio
908 2905 1063 2980 Abrahae
1079 2911 1294 3009 patriarchae
1311 2909 1515 2996 collocatae,
1532 2907 1711 3007 accipiant
1727 2932 1746 2978 a

355 3026 502 3105 Christo
515 3030 709 3130 praemium
724 3043 871 3102 aeteruoe
888 3031 986 3102 vitae.
1005 3032 1041 3102 si
1059 3034 1141 3132 quis
1159 3059 1244 3106 vero
1264 3031 1333 3106 hoc
1353 3057 1480 3106 eorum
1498 3027 1640 3105 bonum
1656 3055 1748 3129 opus

355 3148 566 3224 calumniari
584 3149 775 3252 alicprando
788 3155 1068 3252 presumpserit,
1088 3181 1172 3227 cum
1187 3155 1345 3244 Nerone,
1359 3155 1421 3255 qui
1441 3154 1592 3225 Petrum
1603 3168 1748 3251 aposto-

356 3273 434 3345 lum
450 3274 566 3346 crucis
583 3274 704 3374 stipite
721 3275 897 3363 extinxit,
922 3292 957 3348 ct
978 3279 1228 3376 coapostolum
1245 3283 1320 3376 ejus
1335 3276 1487 3350 Paulum
1503 3274 1624 3376 gladio
1640 3299 1747 3348 neca·

358 3395 428 3482 vit,
448 3397 486 3469 in
502 3396 646 3472 inseruo
661 3413 793 3484 trusus,
810 3399 993 3497 perpetuis
1008 3398 1168 3498 ignibus,
1184 3401 1252 3472 nisi
1268 3399 1480 3497 resipuerit,
1499 3397 1696 3489 crucietur,
1712 3411 1747 3469 et

358 3544 376 3588 n
394 3517 574 3592 vermibus
592 3546 790 3621 numquam
807 3523 995 3595 morituris
1012 3523 1089 3595 sine
1106 3521 1178 3596 fine
1194 3521 1430 3598 conrodatur.
1450 3551 1469 3591 u

792 3793 1150 3885 CAPITULUM
1186 3797 1311 3885 XVI.

868 4039 912 4100 De
926 4039 1038 4101 decima
1052 4041 1238 4101 Finemundi.

159 4305 217 4350 ,m
228 4320 247 4350 ι,
265 4301 335 4350 10⁸0,
411 4299 428 4336 n
446 4271 486 4341 ln
500 4271 649 4344 nomine
660 4284 793 4341 sanctae
805 4286 842 4342 et
856 4268 1051 4341 individuae
1061 4266 1268 4361 Trinitatis,
1279 4269 1393 4341 Patris
1403 4284 1440 4342 et
1450 4270 1532 4342 Filii
1544 4285 1581 4343 et
1592 4271 1749 4370 Spiritus

359 4392 494 4464 Sancti.
514 4393 650 4465 Notum
666 4416 739 4464 esse
755 4392 922 4464 volumus
939 4390 1178 4492 praesentibus
1197 4408 1234 4464 et
1256 4392 1389 4465 futuris
1409 4394 1570 4467 eoelesiae
1584 4392 1649 4466 Dei
1667 4393 1750 4465 cul·

360 4513 515 4605 toribus,
535 4541 602 4589 nos
616 4511 782 4588 monachi
798 4513 959 4589 coenobii
978 4515 1100 4586 Sancti
1117 4515 1213 4587 Petri
1232 4515 1476 4603 carnotensis,
1491 4514 1590 4615 quod
1602 4513 1750 4615 quidam

360 4637 481 4726 miles,
500 4639 649 4711 nomine
665 4636 851 4709 Rainerius
861 4691 871 4724 ,
891 4637 1003 4738 vulgo
1018 4636 1267 4711 Finemundus
1283 4639 1481 4727 vocitatus,
1500 4652 1687 4736 egrotans,
1705 4634 1749 4707 ad

360 4777 517 4834 mortem
532 4760 637 4861 petiit
654 4757 819 4832 habitum
829 4758 1094 4848 monachilem,
1112 4787 1182 4861 pro
1197 4756 1423 4861 adipiscenda
1433 4783 1584 4834 suorum
1600 4756 1749 4831 delicto·

362 4908 444 4954 rum
463 4885 576 4957 venia.
598 4881 705 4977 Quod
721 4881 869 4982 quidem
890 4882 1039 4984 adeptus
1061 4900 1114 4958 est
1138 4911 1158 4958 a
1181 4885 1316 4959 nostris
1334 4881 1523 4958 monachis
1545 4897 1633 4954 tunc
1647 4879 1751 4954 mili-
