4462 6120
417 707 461 777 ll
937 699 1286 776 MONASTERIUM

414 851 613 927 secundum
630 877 763 927 nomen
782 875 885 925 suum
900 851 1022 926 omnia
1038 848 1248 923 monasterii
1266 849 1444 923 exteriora
1461 863 1499 922 et
1521 850 1695 923 interiora
1711 845 1814 922 abra·

412 976 530 1061 dareta
550 1002 635 1050 nam
647 974 788 1048 dicebat
805 1007 814 1047 z
830 1002 961 1048 aurum
974 975 1030 1048 vel
1050 989 1242 1073 argentum
1256 973 1490 1075 preciosaque
1508 972 1678 1046 aecelesiae
1699 997 1813 1045 orna-

413 1115 535 1173 menta
564 1100 725 1173 fomenta
747 1125 820 1173 esse
843 1098 1030 1174 monachis
1053 1094 1231 1197 superbiae
1256 1111 1363 1196 atque
1385 1096 1620 1171 incitamenta
1643 1097 1810 1170 lasciviae.

413 1223 528 1295 Pisces
541 1247 688 1324 quoque
706 1219 904 1296 monachos
915 1222 972 1294 vel
988 1218 1129 1318 adipem
1151 1216 1338 1291 comedere
1356 1217 1472 1291 aiebat
1491 1218 1635 1294 crudele
1647 1219 1811 1310 lacinus,

414 1346 463 1417 eis
485 1371 660 1419 amnuens
682 1344 777 1417 nuda
799 1343 903 1417 edere
922 1344 1020 1418 olera
1047 1358 1154 1442 atque
1172 1341 1249 1413 sine
1267 1338 1432 1442 quolibet
1458 1342 1579 1418 edulio
1599 1341 1815 1442 suggerebat

412 1467 638 1568 xyrophagos
657 1484 664 1509 ¹
678 1468 887 1567 persistere,
902 1492 984 1537 cum
1000 1466 1074 1564 ipse
1092 1462 1158 1535 sibi
1180 1490 1328 1564 magnos
1342 1464 1455 1563 pisces
1468 1467 1680 1567 exoticaque
1697 1464 1814 1540 edulia

412 1589 487 1664 dari
503 1589 667 1690 juberet,
690 1592 809 1663 ventri
833 1615 900 1663 suo
921 1588 1223 1688 castrimargiam²
1247 1613 1388 1687 semper
1409 1585 1544 1661 babens
1564 1588 1811 1663 vernaculam.
1905 1590 1909 1598 ’

463 1889 547 1961 Xll.
556 1888 693 1963 Verum
705 1890 787 1991 quia
798 1888 1056 1991 digressionem
1069 1916 1086 1959 a
1098 1905 1221 1986 coepto
1232 1888 1377 1961 tramite
1387 1887 1458 1960 stili
1470 1888 1588 1962 officio
1599 1889 1682 1960 satis
1694 1911 1813 1989 super·

412 2037 483 2111 que
492 2011 615 2084 fecisse
628 2039 685 2085 me
696 2011 896 2112 perpend0,
913 2028 1013 2085 retro
1027 2012 1175 2110 cupiens
1188 2008 1345 2110 regredi,
1356 2009 1473 2084 sateor
1486 2035 1545 2083 me
1558 2009 1637 2083 idco
1653 2009 1688 2082 id
1702 2011 1813 2110 egisse

412 2133 587 2234 quoniam
603 2161 687 2237 quae
713 2135 851 2208 intexui
871 2161 890 2206 a
908 2149 1036 2208 nostro
1061 2159 1170 2231 opere
1191 2133 1341 2206 minime
1358 2131 1584 2233 discrepant,
1606 2159 1674 2206 nec
1692 2132 1813 2234 legen·

413 2257 511 2329 tibus
522 2254 658 2331 debent
672 2257 749 2331 fieri
764 2284 930 2346 onerosa,
944 2257 1098 2331 maxime
1116 2283 1201 2329 cum
1216 2282 1292 2331 non
1302 2256 1505 2331 delucerata
1520 2281 1662 2357 semper
1679 2272 1811 2346 essent,

412 2378 630 2477 perobscura
645 2379 841 2457 oblivionis
853 2380 946 2480 palla
960 2396 1144 2480 cooperta.
1163 2378 1337 2473 Quaedam
1354 2395 1475 2453 tamen
1489 2379 1653 2452 cudimus
1667 2381 1704 2452 in
1719 2378 1815 2453 calce

413 2505 532 2603 operis
549 2520 623 2577 tam
638 2518 802 2579 recenter
816 2504 923 2594 facta,
939 2521 981 2576 ut
995 2505 1103 2577 etiam
1121 2529 1196 2579 non
1216 2504 1360 2604 ignoret
1376 2504 1526 2604 puerilis
1542 2520 1640 2592 aetas,
1660 2519 1713 2577 set
1729 2503 1814 2606 quia

414 2642 488 2698 tam
503 2628 702 2703 insolenter
716 2645 862 2731 tamque
877 2629 1049 2703 atrociter
1068 2628 1105 2699 in
1119 2626 1227 2700 nobis
1241 2642 1327 2700 sunt
1344 2644 1508 2727 operata,
1528 2642 1564 2700 et
1581 2653 1647 2702 nos
1664 2642 1706 2698 ut
1719 2642 1761 2699 ut
1774 2651 1814 2700 ea

412 2751 601 2850 pertulisse
611 2748 848 2841 dinoscimur,
865 2768 1028 2852 posteros
1036 2765 1181 2825 nostros
1196 2752 1364 2851 ignorare
1374 2751 1490 2840 nolui,
1509 2776 1555 2823 ne
1566 2750 1814 2825 forteminora

415 2873 470 2947 vel
478 2874 607 2947 similia
615 2929 625 2963 ,
637 2898 721 2948 cum
733 2875 894 2975 perferre
907 2876 1080 2976 temporis
1089 2874 1229 2947 malicia
1241 2877 1414 2976 exegerit,
1431 2873 1709 2948 intolerabiliter
1718 2873 1814 2948 ferre

413 2996 547 3086 velint,
563 3025 642 3097 prae
663 2997 777 3072 oculis
797 2996 988 3089 habentes,
1008 2997 1098 3073 olim
1116 3023 1183 3071 nos
1209 2997 1263 3070 his
1282 2998 1384 3071 malis
1406 2997 1516 3070 fuisse
1535 2998 1698 3072 triennio
1715 3013 1752 3072 et
1769 3021 1814 3071 eo

413 3119 567 3220 amplius
585 3121 781 3221 implicitos
807 3117 939 3196 offudis
956 3121 966 3163 ³
990 3116 1222 3222 quorundam
1243 3137 1475 3208 nostrorum,
1500 3136 1623 3220 postea
1642 3144 1812 3222 quoque,

413 3244 679 3345 repropiciante
691 3244 754 3319 Dei
768 3245 900 3345 gratia,
917 3243 1087 3319 liberatos
1097 3270 1137 3315 ac
1149 3240 1258 3317 rebus
1272 3243 1452 3343 prosperis
1464 3241 1637 3317 redditos.
1651 3241 1815 3316 Tandem

413 3392 559 3470 quoquc
578 3369 616 3440 in
633 3367 745 3441 finem
764 3367 893 3441 saliens
911 3367 1065 3468 epilogi,
1085 3367 1212 3440 lectori
1233 3368 1404 3439 intimare
1425 3368 1545 3439 curavi
1561 3364 1659 3467 quod
1675 3391 1714 3438 ea
1730 3389 1814 3468 quae

413 3490 533 3588 primo
550 3490 751 3590 scripturus
769 3515 883 3561 suma
904 3491 1074 3588 praesenti
1090 3514 1159 3561 usu
1178 3487 1376 3564 admodum
1397 3488 1600 3590 discrepare
1620 3488 1811 3578 videntur;

412 3637 498 3685 nam
521 3612 605 3688 rolli
636 3613 833 3711 conscripti
852 3609 896 3683 ab
914 3614 1072 3713 antiquis
1095 3631 1131 3686 et
1157 3614 1194 3686 in
1215 3613 1372 3687 armario
1392 3629 1521 3687 nostro
1539 3639 1639 3685 nunc
1655 3611 1812 3713 reperti,

413 3732 575 3808 habuisse
593 3735 746 3808 minime
763 3732 961 3808 ostendunt
982 3733 1078 3807 illius
1096 3736 1271 3835 temporis
1287 3735 1442 3809 rusticos
1458 3734 1519 3808 has
1535 3735 1815 3810 consuetudines

414 3859 451 3930 in
464 3856 640 3931 reditibus
652 3880 740 3960 quas
757 3856 922 3932 moderni
941 3856 1066 3930 rustici
1086 3857 1122 3929 in
1142 3855 1211 3931 hoc
1229 3873 1393 3958 tempore
1407 3857 1650 3934 dinoscuntur
1663 3857 1812 3950 babere,

414 4006 531 4084 neque
555 3978 691 4055 babent
719 3980 892 4055 vocabula
924 4007 1049 4059 rerum
1073 4005 1161 4082 quas
1190 3997 1279 4053 tunc
1307 4008 1425 4056 sermo
1457 3980 1611 4056 babebat
1638 3981 1810 4083 vulgaris.

412 4103 518 4178 Unde
532 4105 703 4194 interius,
719 4104 866 4204 propria
881 4103 960 4176 luce
973 4103 1117 4191 relicta,
1136 4130 1239 4177 mens
1252 4105 1363 4177 nimia
1378 4103 1566 4180 ebitudine
1582 4106 1812 4195 concutitur,

412 4226 512 4329 quod
527 4255 594 4328 per
617 4254 654 4302 se
671 4245 829 4331 nequeat
853 4227 1099 4329 perpendere,
1126 4226 1163 4301 hi
1186 4252 1272 4301 usus
1294 4228 1421 4328 priscis
1444 4229 1670 4330 temporibus
1685 4255 1815 4305 mona-

456 4529 465 4552 ¹
490 4517 544 4576 Pro
562 4478 741 4601 xerophagos
751 4563 760 4589 ,
786 4512 977 4594 Ξημφάγους,
1001 4517 1031 4577 id
1055 4529 1096 4576 est
1174 4516 1241 4576 ³lta
1258 4518 1367 4591 codex;
1386 4518 1540 4602 legendum
1559 4532 1641 4600 putat
1656 4521 1691 4579 D.
1712 4519 1814 4601 Muley

413 4617 491 4674 sicca
502 4617 547 4675 rel
564 4616 649 4676 arida
664 4617 787 4676 edentes.
1133 4614 1258 4696 offertis,
1276 4616 1353 4696 quod
1372 4618 1577 4698 interpretatur
1586 4617 1681 4701 ford,
1688 4617 1815 4700 struthe-

456 4723 467 4750 ⁸
489 4717 544 4775 Pro
565 4717 786 4798 gastrimargia,
814 4713 915 4796 gallice
937 4734 1097 4794 gauraran-
1133 4716 1204 4787 rt'es,
1221 4716 1402 4797 tromperies,
1411 4714 1536 4797 fraude.

414 4812 487 4875 dise.
