4462 6120
272 4636 278 4649 .
291 4595 357 4687 ffb·

256 4661 271 4693 'P'
278 4649 293 4679 ἰ
307 4662 316 4681 ¹.
323 4648 353 4686 '¹32¹

255 4693 259 4703 l

246 4682 284 4746 Γ·
324 4686 353 4719 „1
450 4659 528 4713 tum
546 4640 696 4715 celebris
715 4640 937 4717 haberetur
929 4672 968 4716 ιιι
985 4661 1164 4745 quantum
1181 4646 1282 4745 prius
1300 4642 1526 4744 despicabilis
1542 4642 1751 4743 putabatur
1774 4641 1845 4734 Qui

246 4755 251 4767 ”
335 4746 446 4872 343*
450 4762 558 4835 abbas
570 4783 834 4866 quinquaginta
848 4765 982 4841 solidos
1000 4793 1251 4857 nummorum,
1271 4783 1400 4868 sponte
1413 4793 1488 4856 sua,
1504 4765 1634 4853 mrlttt
1651 4782 1687 4838 et
1701 4764 1846 4840 hourta

336 4952 338 4956 ,
354 4928 358 4933 -
417 4882 500 4963 tis
504 4887 647 4985 gratia,
666 4888 779 4962 dedit.
797 4889 903 4964 Unde
918 4889 1019 4990 quod
1033 4891 1187 4967 divino
1178 4892 1354 4966 instinctu
1370 4889 1521 4966 fecimus
1530 4944 1541 4980 ,
1561 4887 1700 4966 domno
1716 4905 1846 4965 nostro

438 683 512 775 iss
953 679 1301 756 nonasrrrrun

433 826 710 902 consuetudines
738 853 826 928 quas
850 825 1042 902 videbatur
1066 826 1198 902 habere
1233 829 1272 902 in
1303 825 1387 928 ipsis
1415 826 1521 900 terris
1550 851 1638 926 quas
1668 823 1828 910 remisit,

432 951 575 1025 XXX‘¹
592 951 744 1040 solidos,
762 967 799 1024 et
815 952 923 1059 uigori
939 955 1014 1052 ejus
1025 950 1213 1026 Alberedae
1231 951 1364 1028 solidos
1378 948 1599 1028 Vdedimus.
1619 947 1690 1041 Qui
1708 945 1830 1020 adfue-

433 1091 524 1147 runt
547 1091 585 1167 et
608 1072 781 1148 viderunt
812 1092 848 1146 et
876 1048 1090 1165 audierunt,
1117 1077 1234 1151 notati
1261 1074 1456 1174 subscripti
1484 1090 1583 1146 sunt.
1612 1071 1828 1145 Guillelmus

433 1197 624 1298 presbiter.
641 1196 785 1272 Guiddo
801 1198 995 1299 presbiter.
1012 1199 1287 1293 Guauscclinus,
1305 1200 1402 1295 filius
1420 1198 1603 1281 Ricuardi.
1624 1195 1831 1273 liodbertus

434 1322 649 1423 Lupcculus.
675 1323 787 1397 Fulco
803 1321 847 1395 de
870 1303 977 1395 'ledis
997 1322 1106 1396 Villa.
1128 1324 1235 1422 Hugo
1252 1322 1296 1396 de
1311 1296 1447 1415 Chiron
1453 1322 1716 1408 Herimannus,
1736 1317 1833 1392 filius

434 1440 599 1547 Bugonis
616 1448 795 1523 Tronelli.
811 1445 994 1520 Ebrardus
1008 1443 1052 1518 de
1067 1445 1193 1545 Regia.
1212 1429 1420 1520 Gualterius
1418 1398 1652 1550 chspcris
1671 1444 1834 1544 Paganus

434 1571 663 1668 praepositus
679 1566 893 1655 Richardus,
906 1566 1063 1638 famulus
1074 1564 1217 1639 Gtrardi
1229 1581 1266 1639 et
1275 1565 1451 1643 VVarrnr
1464 1542 1704 1673 willelmus,
1715 1561 1835 1636 famu

435 1691 491 1762 lus
506 1688 784 1764 monachorum
804 1687 939 1761 Actum
952 1687 1111 1776 Plancis,
1128 1687 1293 1787 publice,
1312 1689 1458 1762 vivente
1471 1643 1727 1823 Vv'ltpmo,
1718 1686 1838 1759 invic-

437 1815 575 1888 tissimo
606 1812 907 1888 Normannorum
931 1810 1043 1897 duce,
1075 1811 1352 1910 Anglorumque
1371 1837 1478 1911 rege5
1510 1810 1549 1882 iu
1572 1790 1721 1883 Frbncia
1744 1832 1833 1881 vero

329 1917 385 2039 is:
436 1953 609 2036 regnante
632 1935 860 2010 serenissimo
885 1960 968 2033 rege
991 1932 1152 2033 Philipo;
1182 1931 1382 2009 indictione
1403 1958 1464 2008 xv.
1486 1933 1616 2005 Paulus
1636 1928 1835 2013 monachus

369 2045 385 2171 4,-
398 2042 559 2136 ⁵³²·extitit
573 2059 751 2132 notarius.
770 2087 789 2126 u

486 2184 580 2254 Sunt
592 2196 628 2256 et
637 2181 703 2253 alia
714 2181 822 2270 dona,
834 2180 1042 2281 supradicto
1051 2181 1425 2282 locellopertinentia,
1435 2208 1518 2284 quae
1528 2182 1713 2281 inscripta,
1726 2179 1837 2278 scrip·

438 2324 565 2380 torum
578 2305 749 2403 penuria,
764 2302 946 2379 habentur
960 2337 968 2377 ε
982 2306 1074 2378 sicut
1086 2306 1242 2379 aecclesia
1256 2307 1425 2405 martyris
1440 2306 1642 2392 Laurentii,
1658 2331 1741 2404 quae
1754 2303 1836 2376 data

438 2445 490 2501 est
507 2428 683 2529 praedicto
699 2428 781 2503 loco
795 2428 841 2501 ab
857 2427 984 2502 Odone
997 2427 1108 2504 Rufo.
1125 2430 1192 2501 Est
1204 2445 1328 2502 autem⁴
1339 2427 1416 2502 haec
1429 2429 1586 2503 aecclesia
1601 2428 1696 2500 ultra
1710 2426 1838 2500 fluvio·

438 2551 515 2623 lum
522 2551 585 2651 qui
597 2551 713 2623 currit
722 2566 806 2624 ante
817 2550 1012 2624 aecclesiam
1026 2550 1167 2624 Sanctae
1179 2550 1319 2638 Mariae,
1336 2550 1403 2624 sub
1413 2549 1541 2625 edibus
1555 2547 1833 2625 monachorum.

856 2810 1228 2902 carrrunun
1264 2750 1418 2900 xxv.
1458 2822 1461 2829 ·

724 3060 767 3120 De
780 3060 907 3120 aeclesia
920 3059 1016 3120 Sancti
1033 3060 1175 3136 Romani,
1192 3062 1259 3122 data
1273 3061 1328 3122 sub
1345 3061 1441 3123 Braiai
1455 3074 1557 3120 castro.

260 3356 274 3386 n
309 3355 322 3385 ι
409 3367 416 3386 ⁸
493 3322 510 3358 n
528 3291 568 3362 ln
587 3291 737 3363 nomine
759 3307 891 3363 sanctae
909 3292 1101 3364 Trinitatis
1122 3307 1157 3363 et
1179 3292 1298 3364 unicae
1321 3291 1491 3380 Deitatis,
1512 3291 1627 3363 Patris
1648 3289 1782 3362 scilicet
1803 3306 1841 3363 et

441 3414 522 3486 Filii
539 3429 575 3486 et
592 3413 748 3513 Spiritus
762 3413 897 3487 Sancti.
914 3412 1054 3488 Notum
1069 3415 1336 3502 essevolumus,
1353 3412 1471 3516 quod,
1488 3412 1674 3485 cummuni
1689 3412 1841 3488 consilio

442 3553 478 3609 et
494 3538 571 3635 pari
589 3536 740 3625 affectu,
760 3561 828 3635 ego
845 3534 1078 3635 Airardusode
1097 3536 1205 3611 Buslo
1225 3551 1262 3610 ct
1280 3535 1479 3610 baudricus
1495 3535 1539 3610 de
1556 3534 1738 3625 Toriello,
1759 3560 1842 3606 cum

442 3658 680 3750 devotissimis
697 3661 833 3734 nostris
850 3658 1082 3760 coequalibus
1095 3659 1280 3760 opidanis,
1298 3658 1532 3735 Gausfridum
1551 3658 1842 3732 cummilitonem

443 3783 697 3871 convenimus,
722 3798 764 3854 ut
784 3782 969 3872 loculum,
997 3783 1035 3855 in
1052 3809 1128 3885 quo
1146 3784 1303 3856 aecclesia
1329 3784 1367 3855 in
1391 3781 1532 3858 honore
1551 3782 1663 3854 sancti
1690 3780 1842 3855 Romani

443 3905 611 4001 martyris
635 3903 857 3993 habebatur,
880 3905 1002 3977 Sancti
1024 3906 1122 3978 Petri
1141 3905 1315 3982 coenobio
1333 3907 1569 3995 Carnotensi,
1593 3930 1662 4004 pro
1683 3900 1842 3975 remedio

445 4054 517 4100 suae
534 4053 757 4128 suorumque
774 4029 995 4116 animarum,
1016 4029 1249 4119 concederem
1269 4045 1305 4103 et
1322 4030 1407 4131 quia
1426 4055 1503 4105 nou
1524 4029 1632 4128 longe
1656 4055 1675 4099 a
1697 4024 1844 4100 castello

445 4150 573 4224 Braiao
593 4149 719 4239 distat,
742 4168 795 4224 set
818 4168 907 4225 tunc
930 4153 1105 4253 temporis
1127 4169 1165 4226 et
1180 4153 1261 4226 vilis
1283 4169 1320 4226 et
1337 4152 1496 4225 incultus
1513 4168 1601 4251 aput
1616 4177 1683 4225 nos
1700 4150 1845 4223 estima-

446 4270 568 4367 batur,
593 4300 801 4374 quanquam
823 4275 861 4346 in
884 4291 1081 4374 conspectu
1100 4275 1234 4350 divinae
1257 4276 1448 4375 majestatis
1469 4275 1640 4374 praeclara
1657 4273 1845 4346 sanctitate

447 4375 620 4492 creditur,
641 4396 812 4495 praesatus
829 4398 932 4471 miles
951 4398 1086 4471 nostris
1103 4397 1272 4498 precibus
1287 4400 1436 4487 annuit,
1457 4396 1616 4472 consiliis
1636 4397 1776 4534 paruit,
1801 4393 1846 4468 de

447 4544 512 4592 suo
528 4517 578 4613 ibi
593 4516 714 4608 dedit,
733 4535 769 4592 et
786 4521 836 4616 sic
850 4520 972 4593 abbati
989 4522 1167 4595 landrico
1184 4538 1302 4596 totum
1316 4516 1498 4596 conimisit
1500 4521 1698 4621 ‚quatinus
1717 4520 1754 4591 in
1767 4534 1845 4591 tan·
