4426 6120
493 706 560 774 tat
1012 706 1358 782 MONASTERIUM

487 850 690 925 violandam
707 852 824 952 (quod
841 851 934 927 absit
945 853 979 951 l)
996 854 1087 926 iram
1102 855 1166 927 Dei
1182 857 1363 946 incurrat,
1383 873 1492 957 atque
1509 872 1634 932 nostra
1649 873 1882 932 nostrorum·

486 999 557 1074 que
570 975 736 1047 omnium
750 978 965 1050 auctoritate
985 978 1173 1051 convictus
1190 976 1373 1067 abscedat,
1395 995 1432 1053 et
1447 1007 1516 1080 pro
1535 980 1658 1053 illicita
1676 1005 1882 1079 praesump-

487 1096 598 1185 tione,
615 1098 758 1169 venturi
773 1098 812 1169 in
830 1098 902 1171 fine
916 1101 1122 1173 seculorum
1130 1099 1262 1199 judicis
1274 1102 1452 1175 sententia
1465 1119 1641 1201 perpetuo
1655 1100 1882 1174 anathemate

485 1243 520 1289 se
536 1217 740 1317 perfossum
757 1234 864 1320 atquc
882 1223 920 1293 in
939 1220 1084 1296 inferno
1105 1221 1271 1298 inferiori
1291 1240 1474 1298 retrusum
1490 1226 1567 1296 sinc
1584 1222 1657 1296 fine
1673 1222 1806 1297 doleat.

536 1369 554 1407 u
565 1341 787 1414 Teodoricus
801 1343 948 1441 praesul,
965 1344 1028 1444 qui
1047 1343 1145 1417 dedit
1160 1342 1252 1417 hanc
1266 1345 1516 1420 donationem.
1532 1344 1710 1418 Arnulfus
1723 1369 1881 1446 praecen-

485 1477 556 1533 tor.
574 1460 779 1561 rigobertus
795 1479 999 1540 succentor.
1019 1465 1232 1540 Pulcherius
1250 1466 1536 1544 archidiaconus.
1552 1466 1780 1569 Hildegarius
1792 1465 1882 1540 sub-

482 1580 649 1656 decanus.
681 1586 789 1685 Hugo
813 1588 1041 1688 praepositus.
1069 1587 1212 1664 Guiddo
1236 1588 1395 1664 Rubeus.
1424 1589 1643 1665 Rodbertus.
1671 1591 1877 1665 Bernerius.

487 1706 736 1806 lngelrannus.
757 1739 775 1778 a

937 1870 1302 1966 CAPITULUM
1336 1879 1427 1965 Ill.

875 2097 919 2156 De
934 2099 1078 2157 calumnia
1096 2099 1224 2179 ejusdem
1242 2099 1366 2180 Capellae
1381 2099 1487 2183 Regia.

280 2346 342 2394 aare
354 2364 376 2395 a.
387 2350 458 2399 roto.
539 2355 556 2392 u
575 2323 715 2399 Notum
728 2347 800 2396 esse
817 2321 986 2398 volumus
1002 2324 1174 2399 omnihus
1191 2323 1423 2415 christicolis,
1443 2342 1517 2398 tam
1529 2323 1758 2424 presentibus
1770 2352 1880 2427 quam

478 2445 632 2532 futuris,
661 2473 728 2546 ego
752 2445 948 2520 landricus
972 2446 1079 2520 abbas
1101 2450 1294 2549 omnisque
1312 2446 1469 2521 fratrum
1492 2462 1704 2523 nostrorum
1728 2474 1880 2549 congre·

479 2571 591 2670 gatio,
602 2572 777 2672 quoniam
790 2570 972 2670 Capellam
984 2572 1148 2670 Regiam,
1162 2598 1286 2672 quam,
1302 2573 1395 2643 sicut
1409 2573 1574 2671 superius
1587 2573 1731 2670 scriptae
1745 2571 1878 2646 litterae

479 2691 689 2781 ostendunt,
705 2719 723 2764 a
737 2694 842 2766 Berta
855 2708 1022 2765 matrona
1040 2708 1076 2765 et
1092 2692 1175 2765 filiis
1192 2719 1232 2765 ac
1244 2691 1386 2765 filiabus
1401 2694 1493 2781 suis,
1512 2692 1662 2792 probata
1679 2695 1875 2791 peccunia,

479 2841 698 2903 emeramus,
721 2830 843 2914 postea
867 2839 978 2912 gener
1004 2818 1077 2913 ejus
1103 2812 1294 2904 Raherius,
1317 2818 1479 2914 conjunx
1495 2816 1662 2888 videlicet
1677 2817 1873 2915 Enguciae,

481 2936 782 3010 calumniabatur.
800 2938 872 3010 Pro
889 2964 959 3037 qua
981 2963 1020 3010 re
1044 2939 1301 3013 convenientes
1317 2964 1401 3012 eum
1420 2939 1586 3012 Carnotis
1603 2954 1688 3011 ante
1704 2939 1876 3011 comitem

482 3058 706 3133 Tedbaldum
717 3113 728 3148 ,
752 3077 789 3133 et
810 3060 887 3160 ipso
906 3061 1038 3133 comite
1061 3077 1169 3161 atque
1191 3060 1430 3136 obtimatibus
1451 3064 1526 3160 ejus
1550 3059 1658 3135 nobis
1682 3086 1876 3160 suggeren-

481 3180 599 3271 tibus,
627 3182 889 3283 spopundimus
911 3183 943 3255 ei
968 3208 1015 3254 xt
1040 3180 1172 3257 solidos
1195 3210 1434 3259 nummorum
1455 3183 1718 3271 Carnotorum,
1739 3198 1780 3254 ut
1803 3183 1877 3282 ipse

480 3306 709 3394 calumniam,
724 3332 833 3406 quam
846 3301 1001 3377 faciebat
1019 3319 1102 3376 ante
1117 3305 1301 3396 comitem,
1316 3303 1530 3378 dimitteret.
1548 3303 1656 3397 Quod
1670 3321 1706 3377 et
1719 3303 1876 3377 libenter

478 3429 564 3528 egit.
585 3429 658 3501 Nos
676 3453 823 3528 quoque
840 3443 987 3527 postea,
1003 3453 1069 3527 per
1081 3427 1235 3499 Paulum
1247 3425 1490 3515 monachum,
1511 3427 1674 3499 misimus
1692 3428 1724 3499 ei
1743 3424 1876 3501 solidos

479 3576 718 3627 nummorum
741 3575 805 3638 xt,
825 3576 917 3650 quos
934 3551 966 3623 ei
989 3548 1138 3623 tradidit
1160 3550 1272 3623 Blesis
1297 3567 1432 3640 castro,
1458 3552 1497 3622 in
1519 3550 1600 3622 vico
1617 3549 1742 3625 Vianae
1768 3573 1876 3647 super

373 3728 377 3735 .
480 3675 617 3774 Ligeris
645 3674 783 3772 ripam3
815 3688 851 3745 et
877 3673 973 3744 intra
1002 3689 1184 3763 castrum,
1214 3690 1296 3746 ante
1326 3674 1521 3746 aecclesiam
1548 3673 1674 3744 matris
1702 3670 1874 3759 Domini,

478 3793 624 3895 publice
649 3793 868 3865 calumniam
893 3795 1037 3865 missam
1061 3792 1168 3884 fecit,
1190 3820 1260 3866 una
1289 3821 1373 3866 cum
1397 3820 1512 3869 uxore
1537 3819 1599 3865 sua
1624 3791 1810 3891 Engucia,
1840 3806 1877 3865 et

479 3919 589 3992 unico
604 3916 681 3989 filio
693 3916 842 3988 nomine
855 3914 1048 4005 Rainaldo,
1068 3942 1134 3988 nec
1148 3942 1225 3989 non
1238 3933 1275 3989 et
1289 3915 1431 3989 filiabus
1444 3914 1603 4004 duabus,
1619 3916 1725 3987 Berta
1739 3911 1875 3988 scilicet

481 4066 520 4113 ac
537 4037 705 4127 Adelina3
729 4037 850 4140 ibique
874 4035 935 4108 has
954 4037 1091 4110 litteras
1100 4040 1206 4136 jussit
1222 4038 1323 4128 fieri,
1345 4055 1381 4112 et
1399 4063 1456 4112 eas
1473 4064 1584 4110 manu
1596 4038 1744 4138 propria
1758 4037 1876 4108 mani-

476 4161 616 4264 busque
643 4161 808 4236 omnium
833 4186 984 4235 suorum
1010 4160 1240 4235 corroborari
1266 4162 1408 4254 voluit,
1439 4187 1561 4236 coram
1588 4159 1813 4235 convicaneis
1838 4173 1876 4234 et

480 4282 750 4359 contribulibus
774 4285 858 4357 suis.
884 4282 1089 4359 Raimundo
1111 4283 1154 4357 dc
1171 4285 1298 4358 Viana.
1328 4283 1529 4359 Teoderico
1552 4282 1596 4356 de
1618 4284 1751 4356 Sancto
1770 4281 1876 4353 Bric-

479 4411 549 4484 cio.
572 4405 765 4480 Gausfrido
776 4462 787 4497 ,
813 4407 890 4481 filio
907 4406 1175 4482 Archembaldi.
1195 4408 1271 4481 Pila
1295 4406 1339 4480 de
1356 4409 1474 4508 Lupo.
1496 4405 1671 4481 Rainaldo
1688 4404 1733 4477 de
1749 4402 1874 4478 Calido

477 4534 616 4606 Monte.
630 4531 784 4606 Herveo.
802 4529 1027 4604 Burchardo.
1042 4530 1247 4605 Haimcrioo
1255 4528 1406 4605 decano.
1416 4527 1598 4617 Huberto,
1613 4527 1689 4601 filio
1702 4522 1870 4599 Gislardi.

479 4653 677 4741 Gunterio,
707 4651 783 4727 filio
804 4650 973 4725 Andreae.
998 4650 1199 4743 Herberto,
1227 4652 1303 4727 lilio
1325 4651 1495 4725 Teduini.
1519 4648 1707 4724 Rodberto
1725 4648 1871 4721 clerico.

477 4775 656 4849 Hubcrto.
671 4773 870 4847 Bernardo.
892 4773 1048 4848 Ernulfo
1064 4775 1200 4875 Nigro,
1217 4776 1355 4851 famulo
1368 4774 1468 4849 Pauli
1484 4770 1691 4874 [monachi,
1706 4771 1768 4872 qui
1783 4768 1875 4842 hanc

479 4912 614 4969 cartam
630 4898 807 4998 scripsit].
829 4929 846 4967 u
1067 4909 1068 4912 ’
