4462 6120
415 697 462 766 30
936 694 1283 769 MONASTERIUM

410 839 544 913 eisdem
558 814 757 928 reddimus,
773 841 945 941 quatinus
958 843 1005 914 ita
1021 842 1119 914 illam
1129 850 1224 940 juste
1236 858 1272 914 et
1285 840 1444 940 pleniter
1458 839 1676 941 possideant,
1693 834 1814 914 veluti

396 962 561 1048 ,illorum
573 961 848 1062 praedecessores
870 991 948 1037 eam
970 967 1146 1053 tenuisse,
1162 964 1365 1038 multorum
1388 964 1623 1050 testimoniis,
1640 988 1811 1064 compro·

412 1085 560 1159 bantur.
575 1088 653 1185 lpsa
665 1112 750 1162 vero
767 1103 862 1160 terra
874 1092 1037 1187 conjacet
1055 1087 1149 1160 infra
1164 1114 1289 1161 muros
1300 1087 1469 1161 Carnotis
1487 1101 1622 1160 nostrae
1637 1087 1807 1174 civitatis,

409 1211 512 1304 juxta
522 1225 663 1307 portam
671 1209 892 1290 Cinerosam,
903 1212 1093 1283 terminata
1106 1237 1182 1284 uno
1191 1210 1303 1283 latere
1311 1210 1367 1283 vel
1374 1208 1562 1283 frontaria
1571 1209 1812 1309 publicaquae'

413 1330 514 1402 ducit
531 1329 575 1402 ad
588 1329 837 1430 supradictam
851 1349 1016 1432 portam;
1036 1331 1150 1406 altero
1161 1358 1248 1407 vero
1264 1332 1375 1405 latere
1388 1328 1501 1404 haeret
1516 1356 1624 1403 muro
1635 1330 1807 1418 civitatis3

415 1451 538 1528 fronte
560 1481 648 1528 vcro
676 1453 830 1528 secunda
857 1457 1075 1528 terminatur
1100 1473 1194 1529 terra
1223 1472 1355 1528 sanctae
1385 1456 1603 1528 Pictavcnsis
1623 1454 1808 1527 aecclesiae.

415 1579 501 1649 llaec
521 1593 642 1651 autem
664 1581 787 1654 omnia
804 1579 1011 1679 praelibata,
1032 1580 1163 1651 tamin
1182 1580 1288 1653 terris
1306 1605 1417 1681 quam
1437 1579 1476 1650 in
1494 1577 1812 1678 supramemoratis

414 1699 581 1772 aecclesiis
595 1726 792 1802 carumque
805 1700 953 1774 decimis
966 1701 1114 1802 aliisque
1132 1699 1322 1789 reditibus,
1336 1725 1418 1798 sepe
1429 1698 1494 1772 fati
1510 1701 1720 1773 monasterii
1733 1696 1813 1771 fra·

416 1820 532 1895 tribus
544 1820 719 1897 donamus
737 1842 774 1897 et
791 1823 988 1912 reddimus,
1001 1851 1045 1900 eo
1061 1842 1167 1925 pacto
1184 1841 1227 1896 ut
1246 1823 1292 1896 ab
1306 1822 1456 1899 odierna
1472 1821 1530 1895 die
1550 1824 1642 1896 etin
1659 1823 1814 1896 relicum

418 1943 561 2016 nullum
587 1943 753 2018 debitum
782 1946 835 2019 vel
859 1947 1049 2019 servitium
1072 1943 1239 2034 circadis,
1266 1945 1429 2044 synodis,
1460 1944 1627 2017 censibus
1648 1960 1685 2018 et
1711 1943 1814 2020 omni
1889 2039 1893 2047 Ι

416 2051 547 2165 genere
566 2067 830 2143 redibitionum
852 2067 936 2142 inde
959 2070 1139 2169 exigatur,
1161 2067 1334 2168 nullaque
1349 2068 1520 2166 repetitio
1540 2067 1586 2138 ab
1602 2067 1681 2141 ullo
1696 2091 1818 2141 succe·

416 2189 583 2263 dentium
600 2189 663 2262 liat
680 2193 764 2290 ipsis
782 2193 987 2280 canonicis,
1006 2192 1136 2267 devote
1155 2192 1271 2267 nostri
1288 2218 1329 2264 ac
1345 2216 1591 2264 successorum
1606 2207 1819 2265 nostrorum

421 2315 458 2385 in
486 2312 651 2411 psalmis,
681 2314 798 2410 ymnis
822 2330 859 2387 et
885 2314 1034 2385 canticis
1058 2313 1282 2414 spiritalibus
1306 2314 1519 2387 memoriam
1549 2310 1759 2412 agentibus,
1782 2327 1819 2386 et

418 2433 550 2508 divinis
575 2435 740 2509 laudibus
762 2437 912 2511 liberius
936 2436 1209 2510 desudantibus.
1238 2437 1290 2510 Ut
1313 2451 1434 2510 autem
1461 2433 1567 2534 hujus
1589 2435 1675 2508 sacti
1702 2437 1819 2510 nostri

420 2560 615 2632 auctoritas
636 2587 655 2631 a
681 2562 815 2635 nostris
836 2560 1101 2636 successoribus
1123 2561 1272 2660 aliisque
1294 2560 1458 2660 personis
1475 2559 1627 2632 minime
1646 2559 1818 2648 violetur,

420 2681 640 2756 omnimodis
657 2683 927 2772 interdicimus,
947 2701 984 2758 et
1000 2683 1134 2786 quoda
1151 2684 1259 2759 nobis
1276 2683 1519 2757 coadunatum
1533 2682 1659 2755 datum
1673 2705 1820 2783 quoque

421 2832 460 2876 ac
478 2803 660 2878 redditum
677 2823 821 2908 estque
838 2807 1050 2882 nullomodo
1066 2808 1273 2896 dirimatur,
1292 2810 1343 2880 eis
1358 2805 1594 2882 anathematis
1606 2805 1819 2906 repagulum

422 2927 608 3026 obponere
620 2930 823 3029 satagimus.
838 2931 874 3002 si
887 2933 969 3031 quis
982 2957 1069 3031 crgo
1085 2932 1296 3005 temerarius
1308 2947 1434 3031 raptor
1445 2947 1482 3005 et
1492 2930 1821 3003 aecclesiasticarum

422 3053 652 3125 sanctionum
666 3052 855 3151 improbus
868 3056 1024 3129 violator
1038 3054 1248 3130 donationis
1260 3057 1334 3128 sive
1347 3054 1561 3129 redditionis
1571 3050 1677 3151 hujus
1688 3066 1820 3125 statuta

422 3174 681 3274 contempserit
691 3190 728 3246 et
739 3202 778 3247 ea
790 3175 967 3248 adnullari
978 3178 1076 3250 nisus
1089 3176 1214 3264 fucrit,
1230 3176 1331 3278 quod
1340 3177 1610 3276 praesumpserit
1620 3173 1822 3247 evindicare

422 3323 499 3371 non
518 3298 652 3385 valeat,
672 3315 727 3370 set
743 3315 880 3372 aetcrna
896 3298 1174 3399 dampnatione,
1195 3327 1279 3373 cum
1298 3301 1438 3372 Dathan
1456 3315 1493 3373 et
1511 3298 1653 3372 Abiron
1664 3353 1674 3387 ,
1696 3296 1824 3397 damp-

423 3434 527 3492 natus
549 3436 691 3518 pereat,
715 3446 800 3492 cum
820 3421 976 3495 Diabolo
1000 3447 1147 3522 quoque
1169 3438 1205 3495 et
1226 3422 1363 3522 angelis
1379 3425 1455 3521 ejus
1476 3421 1624 3494 ultrices
1646 3420 1823 3493 scelerum

423 3539 582 3613 llammas
611 3542 688 3614 sine
715 3540 785 3614 fine
815 3544 1002 3616 sustineat.
1033 3543 1211 3636 Quatinus
1236 3560 1359 3616 autem
1384 3540 1462 3615 haec
1486 3545 1614 3644 pagina
1639 3541 1823 3615 validioris

424 3663 607 3734 firmitatis
623 3662 782 3740 anchora
799 3663 1013 3754 roboretur,
1032 3691 1145 3737 manu
1161 3667 1309 3765 propria
1330 3689 1408 3737 eam
1424 3663 1773 3738 subterfirmavimus
1788 3679 1826 3737 et

424 3783 687 3858 venerabilium
700 3787 957 3887 episcoporum
973 3785 1154 3876 manibus,
1176 3803 1454 3887 ceterorumque
1472 3786 1633 3859 lidclium
1655 3785 1824 3859 manibus

425 3906 642 3982 clericorum
651 3961 662 3996 ,
678 3908 923 3984 roborandam
943 3909 1168 3983 tradidimus.
1185 3909 1436 4000 Hildemanus,
1453 3908 1742 4014 archiepiscopus
1760 3910 1825 3984 Se-

427 4032 610 4103 nonensis.
640 4032 792 4132 loseph,
819 4032 1108 4134 archiepiscopus
1131 4036 1385 4110 Turonorum.
1404 4035 1656 4120 Constantius,
1681 4035 1825 4133 episeo-

426 4178 493 4253 pus
508 4155 742 4230 Parisiorum.
763 4155 1029 4255 Ragenfrcdus,
1051 4159 1240 4258 episcopus
1258 4158 1503 4232 Garnotorum
1515 4173 1539 4230 ¹.
1560 4189 1577 4226 a

462 4278 614 4349 Terram
623 4276 780 4380 denique
792 4304 873 4379 quae
884 4280 923 4351 in
934 4278 1086 4353 Ymonis
1098 4280 1191 4354 Villa
1209 4308 1227 4352 a
1243 4280 1399 4381 praelato
1414 4283 1582 4380 episcopo
1595 4280 1675 4353 data
1692 4306 1732 4353 ac
1747 4277 1827 4354 md-

428 4399 502 4472 dita
513 4397 600 4488 fuit,
612 4401 705 4473 sicut
717 4402 881 4502 superius
895 4402 1179 4502 prelibavimus,
1196 4431 1273 4479 non
1286 4405 1444 4506 pleniter
1456 4404 1690 4505 possidemus,
1707 4428 1827 4505 netpse

431 4541 566 4597 terram
582 4525 736 4597 civitatis
754 4525 793 4597 in
805 4552 878 4627 qua
892 4527 1003 4599 turris
1018 4543 1054 4599 ct
1071 4544 1199 4601 ceterae
1216 4528 1308 4603 aedes
1327 4530 1469 4605 comitis
1485 4546 1572 4601 suut
1585 4538 1825 4615 constructae}

429 4675 497 4746 pro
515 4674 585 4748 qua
602 4673 741 4738 comes,
768 4651 880 4722 turris
904 4666 1151 4741 constructor,
1178 4651 1276 4726 dedit
1298 4652 1483 4729 monachis
1509 4655 1547 4725 in
1569 4678 1697 4752 campo
1718 4648 1826 4724 Fabri

480 4903 484 4927 ¹
503 4894 585 4956 Cous.
600 4897 675 4958 hauc
691 4897 819 4959 chartam
833 4923 899 4960 cum
914 4901 971 4961 alia
984 4900 1114 4979 ejusdem
1130 4901 1322 4984 hagenhedi,
1337 4924 1366 4983 p.
1380 4900 1433 4984 49.
