4462 6120
750 738 1313 871 srmn‘rcauuoumta.
1652 756 1721 825 aar

337 902 528 993 fratribus,
547 902 712 980 Ascelino
724 907 877 1006 maj0re3
897 903 1084 991 Tedulno,
1099 880 1243 1001 Gaudio
1257 918 1294 976 et
1306 900 1514 991 Ha'rduino,
1532 899 1723 989 fratribus3

336 1024 737 1116 Willelmo,-Arialdo,
756 1026 963 1126 Hildegario
980 1042 1016 1099 et
1034 1020 1212 1132 Radulfo,
1224 1023 1301 1100 filio
1319 1027 1394 1125 ejus
1405 1036 1431 1095 ¹.
1453 1053 1471 1091 ιι
1509 1034 1516 1045 ’

724 1186 1394 1365 caerrutunxcvite,
1505 1174 1509 1183 ’

595 1392 600 1401 ·
644 1418 666 1443 ⁵
754 1435 799 1493 De
812 1434 897 1535 rebus
913 1433 986 1533 datis
1000 1437 1053 1513 pro
1066 1431 1194 1492 Ernaldo
1208 1452 1306 1534 puero.
1333 1410 1348 1431 θ

384 1641 402 1681 α
420 1612 462 1684 ln
482 1612 631 1691 nomine
652 1626 784 1686 sanctae
800 1629 838 1686 et
862 1610 1057 1685 individuae
1076 1609 1283 1698 Trinitatis,
1306 1610 1442 1683 scilicet
1461 1608 1577 1683 Patris
1593 1622 1630 1681 et
1643 1606 1724 1685 Filii
1749 1621 1842 1669 Antea·
1856 1621 1926 1671 ¹⁰⁸⁰·

334 1747 371 1804 et
399 1730 557 1832 Spiritus
581 1734 718 1808 Sancti
749 1735 888 1811 Notum
907 1760 981 1809 esse
1004 1738 1090 1810 volo
1114 1733 1286 1819 omnibus
1314 1748 1446 1806 sanctae
1469 1730 1554 1831 Dei
1665 1731 1725 1815 siae

332 1851 515 1944 fidelibus,
532 1871 606 1929 tam
614 1855 859 1957 praesentibus
870 1884 981 1958 quam
992 1855 1143 1952 futuris,
1162 1882 1229 1956 ego
1244 1844 1459 1945 Landricus,
1476 1814 1542 1929 mil
1713 1897 1726 1909 ·

332 1974 398 2047 lari
407 1974 583 2069 deditus,
594 2003 666 2052 una
685 2005 769 2052 cum
787 1998 901 2053 uxore
916 2005 1012 2068 mea,
1037 1977 1225 2052 Ermelina
1226 1978 1403 2085 nomine,
1423 1991 1460 2050 et
1476 1950 1642 2077 liugoti‘li
1635 1962 1724 2049 lilio

330 2120 413 2170 meo
431 2099 696 2199 primogenito,
716 2101 792 2174 Deo
790 2101 1050 2200 omnipotenti
1070 2114 1108 2173 et
1120 2094 1226 2173 beato
1242 2094 1351 2175 Petro
1365 2099 1613 2235 apostolorum
1626 2096 1726 2195 prin-

330 2217 428 2318 cipi,
457 2218 574 2292 filium
603 2249 726 2297 meum
745 2226 820 2323 jam
846 2237 1038 2312 octonem,
1065 2212 1265 2295 Ernaldum
1294 2223 1465 2311 nomine,
1496 2221 1722 2319 mancipans,

331 2338 471 2416 trado
462 2369 501 2414 tn
527 2343 701 2420 coenobio
727 2346 936 2447 supradicti
948 2347 1198 2449 apostolorum
1222 2345 1415 2453 principis,
1447 2357 1490 2415 ut
1516 2338 1565 2413 ilii
1595 2342 1724 2413 serviat

329 2487 454 2537 omnes
471 2462 545 2537 dies
561 2467 648 2539 vitae
663 2493 736 2539 suae
753 2472 830 2544 Deo
844 2485 880 2543 et
898 2470 1029 2541 sanctis
1044 2473 1138 2568 ejus,
1157 2494 1197 2540 ac
1208 2493 1278 2566 pro
1296 2452 1402 2540 riobis
1419 2483 1455 2539 et
1469 2462 1640 2540 omnibus
1657 2463 1722 2536 Dei

329 2581 495 2657 fidelihus
518 2585 576 2659 die
597 2603 782 2689 noctuque
802 2615 926 2688 preces
949 2588 1091 2661 fundat.
1113 2590 1184 2662 Pro
1203 2614 1278 2686 quo
1298 2587 1451 2685 praefato
1471 2584 1625 2660 cenobio
1647 2602 1722 2657 tra-

327 2703 467 2793 dendo,
488 2707 739 2798 concedimus,
762 2709 800 2781 in
817 2708 899 2783 loco
919 2710 982 2807 qui
1000 2723 1151 2781 roratur
1170 2706 1340 2793 Baliolus,
1360 2724 1495 2801 terram
1512 2707 1624 2780 duum
1644 2706 1723 2778 ani-

326 2825 497 2916 malium,
522 2853 605 2899 cum
628 2856 769 2905 manso.
788 2831 854 2902 Cui
879 2829 979 2904 dono
1001 2826 1164 2901 addimus
1184 2844 1511 2928 quartampartem
1531 2827 1721 2921 biennadii

327 2945 427 3047 quod
440 2964 587 3022 actenus
600 2949 814 3023 habuimus
807 2977 843 3022 in
858 2951 940 3023 vico
954 2950 1074 3022 Sancti
1089 2951 1263 3038 Romani,
1279 2953 1383 3048 juxta
1396 2950 1524 3024 Braiao
1544 2967 1700 3023 castrtnn
1708 3003 1719 3039 ,

328 3083 370 3140 ut
389 3066 434 3140 ab
449 3067 514 3141 hac
538 3069 596 3143 die
612 3085 649 3142 et
669 3069 838 3168 deinceps
857 3067 1012 3142 habeant
1033 3068 1200 3143 monachi
1224 3069 1418 3177 supradicti
1441 3070 1604 3144 coenobii
1622 3088 1658 3143 et
1683 3071 1719 3144 in

327 3206 544 3289 perpetuum
560 3190 777 3290 possideant.
793 3190 1032 3264 Concedimus
1047 3189 1156 3262 etiam
1164 3172 1577 3289 justioraturuaecclesiae
1594 3187 1719 3262 domni

327 3309 444 3398 Petri,
463 3310 556 3384 sicut
572 3310 765 3386 Rainaldus
778 3311 933 3385 decanus
951 3326 1074 3384 tenere
1086 3308 1243 3400 videtur,
1263 3326 1299 3383 et
1316 3311 1439 3384 omnia
1454 3336 1537 3411 quae
1553 3307 1598 3381 de
1613 3307 1719 3382 nobis

326 3430 484 3529 possidet
496 3433 534 3506 in
552 3434 625 3534 ipsa
637 3435 735 3508 villa.
751 3433 929 3510 Volumus
942 3449 1063 3506 autem
1075 3431 1167 3505 hanc
1181 3432 1382 3571 largitionis
1395 3447 1531 3508 nostrae
1545 3430 1719 3504 cartulam

325 3553 503 3628 munibus·
512 3558 647 3630 nostris
670 3554 909 3631 corroborare
931 3571 968 3629 et
988 3552 1170 3628 salutifere
1190 3554 1306 3652 cineis
1324 3556 1466 3677 signnm
1486 3530 1715 3654 imprimere,

326 3691 369 3748 ut
397 3676 489 3751 ntulli
520 3704 683 3780 uuquam
708 3676 921 3779 refragatori
949 3678 996 3751 sit
1024 3677 1076 3750 fas
1100 3675 1144 3749 ad
1169 3675 1260 3749 hanc
1284 3670 1452 3777 aspirare.
1476 3679 1506 3777 †
1534 3675 1715 3813 landrici.

327 3798 364 3872 S
381 3801 592 3877 Emelinae.
613 3803 791 3905 flegonis.
816 3799 979 3875 Rainaldi
1001 3799 1140 3874 decani.
1170 3797 1343 3874 Odonis.
1367 3831 1425 3895 u,
1445 3796 1480 3825 ·’

742 4008 1091 4100 CAPITULUM
1127 4006 1300 4097 XCIX.

752 4210 797 4271 De
805 4211 890 4271 rebus
902 4172 1040 4290 ἀιῖιίιοριο
1049 4208 1174 4291 Hngone
1184 4189 1285 4289 puero.

375 4414 393 4453 a
413 4386 455 4456 ln
473 4381 622 4485 nomine
642 4396 774 4454 sanctae
794 4397 830 4455 et
852 4376 1047 4452 individuae
1068 4379 1276 4465 Trinitatis,
1296 4378 1411 4451 Patris
1428 4395 1465 4451 et
1481 4379 1562 4452 Frln
1580 4394 1616 4452 et
1637 4383 1715 4479 Spi-
1740 4408 1771 4453 n
1773 4418 1827 4456 ιι
1828 4410 1915 4460 ..roso

323 4507 416 4580 ritus
444 4505 581 4579 Sancti.
610 4503 749 4589 Notum
773 4526 846 4609 esse
867 4503 956 4578 volo
987 4504 1127 4576 cunctis
1158 4500 1345 4591 fidelihus,
1376 4520 1449 4577 tam
1476 4504 1715 4603 presentibus

325 4654 433 4730 quam
445 4626 610 4717 suturis,
633 4626 718 4729 quia
740 4652 807 4728 ego
826 4624 1072 4726 Hildegardr's,
1098 4625 1325 4724 praenomine
1347 4627 1516 4713 Franca,
1529 4626 1714 4726 quondam

365 4845 494 4907 ¹Cltartn
508 4869 570 4928 quc
583 4848 650 4908 hnic
665 4847 817 4927 subjicitur
831 4845 943 4929 praefert
959 4848 1001 4906 u
1076 4845 1235 4927 Sequitur
1256 4846 1353 4906 charta
1374 4847 1421 4906 cui
1443 4845 1576 4905 titulus.
1568 4847 1642 4908 ·De
1662 4853 1712 4909 cru

323 4941 416 5001 tulum
435 4942 518 5002 illum
538 4965 546 5000 ι
569 4942 615 5002 De
632 4943 743 5002 decima
761 4943 897 5004 Raincrt't'
909 4943 1001 5002 Ft'ne-
1035 4941 1106 5001 data
1115 4942 1197 5026 apud
1204 4926 1345 5005 Sanclum
1358 4943 1532 5003 Germanum
1541 4943 1714 5033 deAlogtin

324 5038 425 5098 meandi
427 5038 588 5120 editaque
601 5052 644 5098 est
657 5060 805 5120 superius
818 5062 848 5121 p
862 5037 926 5102 138.
1035 5064 1121 5123 quam
1136 5045 1194 5122 jam
1210 5038 1406 5124 vulgavimus,
1423 5064 1456 5124 p
1471 5040 1538 5124 apd.
