4462 6120
742 708 778 779 S.
800 707 941 782 PETRI
969 703 1305 780 CARNOTENSlS.
1599 643 1602 649 ·
1647 704 1716 776 tat»

779 964 1143 1054 CAPITULUM
1177 965 1257 1055 IV.

810 1165 853 1224 De
868 1164 966 1224 banno
980 1161 1119 1224 Bennerii
1135 1162 1228 1223 Villae.

379 1403 397 1440 n
423 1370 583 1446 Domino
606 1368 717 1442 lhesu
742 1367 888 1442 Christo
911 1393 1034 1441 rerum
1056 1365 1247 1442 conditore
1271 1364 1489 1467 presidente.
1518 1366 1595 1466 Ego
1618 1364 1716 1455 Odo,
1744 1388 1835 1434 anua.
1851 1386 1922 1435 rosa.

327 1495 440 1593 gratia
453 1494 540 1582 Dei,
558 1493 738 1593 palatinus
754 1516 893 1579 comes,
910 1505 1102 1590 parentum
1119 1513 1287 1563 meorum
1305 1486 1597 1563 munificentiam
1612 1506 1720 1589 atque

327 1615 592 1716 benignitatem
618 1641 788 1716 sequens,
817 1642 928 1718 quam
955 1642 1038 1716 erga
1067 1616 1187 1690 locum
1215 1614 1337 1686 Sancti
1366 1616 1464 1688 Petri
1488 1616 1719 1693 Carnotensis

327 1736 491 1812 habuisse
511 1739 665 1838 plurima
679 1737 846 1813 locorum
860 1752 897 1811 et
912 1737 1067 1810 maxima
1079 1735 1244 1828 donaria,
1258 1763 1341 1837 quae
1358 1737 1474 1810 eidem
1486 1738 1569 1814 loco
1586 1753 1720 1815 contu-

326 1860 461 1951 lerunt,
477 1877 670 1951 testantur,
685 1859 856 1937 omnibus
867 1875 999 1934 sanctae
1012 1861 1078 1933 Dei
1093 1860 1262 1933 aecclesiae
1275 1860 1373 1950 filiis,
1389 1878 1462 1933 tam
1478 1860 1720 1959 praesentibus

325 2009 434 2082 quam
445 1983 598 2073 futuris,
613 2000 745 2059 notum
758 2008 832 2057 esse
844 1982 946 2071 volo,
959 1984 1060 2083 quia,
1077 1981 1174 2054 inter
1191 1981 1258 2052 alia
1271 1980 1447 2055 beneficia
1459 2009 1542 2083 quae
1558 1984 1716 2072 contuli,

324 2132 396 2178 una
415 2132 500 2177 cum
521 2131 697 2180 consensu
718 2131 884 2179 meorum
900 2104 1083 2197 fidelium,
1100 2103 1252 2178 confero
1266 2105 1375 2176 etiam
1391 2103 1507 2177 eidem
1528 2104 1612 2181 loco
1626 2103 1721 2178 ban-

324 2255 414 2300 num
431 2229 604 2303 Bermerii
621 2228 747 2319 Villae,
766 2255 874 2330 quem
890 2253 1030 2328 semper
1049 2225 1098 2300 ibi
1117 2252 1175 2300 me
1193 2224 1356 2300 habuisse
1373 2226 1539 2302 officiales
1555 2229 1627 2302 mei
1646 2245 1720 2302 tes-

324 2367 462 2424 tantur.
491 2350 643 2427 Redono
668 2352 777 2426 etiam
800 2368 837 2424 et
862 2352 945 2424 alias
969 2348 1247 2425 consuetudines
1270 2348 1314 2422 ad
1336 2377 1395 2424 me
1417 2353 1662 2451 pertinentes,
1689 2356 1719 2426 si

322 2472 419 2547 forte
437 2473 487 2546 ibi
501 2501 663 2575 unquam
676 2474 784 2550 luisse
797 2489 1063 2560 memorantur;
1084 2489 1192 2574 atque
1209 2501 1325 2562 nunc,
1342 2500 1365 2547 v
1382 2474 1460 2546 idus
1467 2475 1549 2574 julii
1558 2529 1569 2565 ,
1587 2477 1719 2549 savinae

324 2596 529 2670 ramusculo
556 2596 696 2670 donum
720 2623 828 2698 super
852 2598 962 2671 altare
988 2599 1101 2670 sancti
1127 2597 1223 2670 Petri
1255 2596 1432 2695 apostoli,
1459 2597 1624 2697 publice,
1649 2626 1718 2699 pro

325 2718 436 2792 salute
455 2745 553 2808 mea,
570 2718 680 2792 malui
701 2744 851 2818 ponere.
876 2722 926 2793 Et
949 2734 990 2793 ut
1011 2718 1089 2792 haec
1110 2718 1246 2791 cartula
1263 2719 1473 2793 inconvulsa
1490 2737 1716 2819 permaneat,

325 2867 407 2915 meo
420 2843 570 2917 nomine
584 2842 867 2942 nominibusque
882 2841 1042 2914 fidelium
1056 2868 1224 2916 meorum
1238 2839 1469 2917 corroborari
1479 2843 1589 2940 jussi,
1608 2857 1668 2932 ut,
1690 2845 1718 2916 si

325 2963 422 3038 forte
441 2962 634 3063 aliquando
654 2962 825 3064 quislibet
841 2963 926 3036 huic
945 2987 1036 3036 meae
1058 2966 1244 3063 largitioni
1265 2966 1446 3040 contraire
1467 2967 1717 3062 temptaverit,

326 3086 349 3157 ii
365 3111 409 3159 ex
422 3084 569 3158 adverso
584 3101 681 3159 stent
693 3101 730 3157 et
742 3111 825 3157 eum
844 3100 1069 3158 commotum
1092 3100 1128 3155 et
1149 3084 1343 3156 confusum
1365 3084 1465 3158 abire
1486 3087 1564 3160 sine
1585 3087 1720 3161 effectu

325 3222 467 3308 cogant.
484 3205 577 3295 Odo,
594 3205 771 3306 palatinus
786 3231 918 3281 comes.
943 3204 1141 3304 Sansgualo
1158 3204 1382 3278 senescallus.
1398 3207 1505 3305 Hugo
1517 3205 1562 3280 de
1574 3208 1716 3282 Melius.

323 3327 515 3402 Hilduinus
536 3327 580 3402 de
603 3327 797 3401 Ramerud.
822 3329 928 3427 Hugo
950 3326 1158 3401 Tronellus.
1177 3325 1290 3401 Fulco
1310 3327 1521 3401 vicecomes.
1547 3330 1654 3429 Hugo
1675 3330 1721 3404 de

323 3450 516 3527 Versalliis.
537 3451 758 3551 lngelgcrius
772 3448 816 3523 de
827 3452 958 3525 lslaris.
976 3480 995 3519 u

789 3682 1158 3776 CAPITULUM
1193 3685 1250 3775 V.

836 3885 880 3944 De
895 3882 1056 3946 redditione
1071 3884 1199 3946 Villulae.

375 4092 398 4138 *
410 4118 426 4159 n
438 4090 499 4164 ln·
511 4091 662 4163 nominc
671 4088 819 4163 Domini
830 4089 947 4164 nostri
957 4087 1066 4162 lhesu
1075 4086 1224 4161 Christi.
1239 4087 1319 4188 Ego
1331 4087 1542 4180 Landricus,
1554 4092 1717 4168 coenobii
1744 4120 1834 4168 aare..
1850 4121 1917 4168 roei.

325 4211 446 4284 Sancti
457 4212 553 4284 Petri
567 4211 799 4285 Carnutensis
813 4209 934 4302 abbas,
948 4208 1217 4283 cumfratribus
1229 4208 1340 4282 michi
1355 4212 1565 4286 commissis.
1578 4213 1718 4290 Notum

325 4361 398 4409 esse
408 4334 596 4425 volumus,
613 4352 687 4407 tam
701 4333 942 4433 praesentibus
958 4360 1068 4436 (suam
1085 4331 1219 4405 suturis
1232 4347 1364 4407 sanctae
1377 4332 1443 4407 Dei
1457 4335 1627 4412 aecclesiae
1641 4342 1717 4413 cul-

326 4455 485 4550 toribus,
503 4459 678 4560 quoniam
695 4454 764 4528 adii
783 4458 1012 4557 praesentiam
1030 4453 1232 4544 Gausfridi,
1253 4455 1531 4558 Andegavorum
1549 4462 1713 4553 comitis,

325 4582 544 4680 cognomine
564 4579 744 4669 Martelli,
774 4595 864 4680 aput
885 4604 970 4653 eum
994 4579 1262 4678 querimoniam
1280 4580 1414 4654 faciens
1430 4580 1475 4655 de
1491 4585 1566 4681 ejus
1583 4602 1724 4684 nepote-

325 4700 538 4794 Gausfrido,
567 4702 743 4777 territorii
770 4701 907 4776 scilicet
935 4701 1182 4776 Guastinensis
1210 4704 1363 4797 comite,
1390 4704 1454 4806 qni
1484 4719 1617 4778 terram
1634 4732 1717 4809 quae

369 4928 377 4954 ¹
391 4916 510 5000 Vulgat.
527 4920 557 4977 in
574 4917 658 4979 Gall.
678 4917 800 4993 Christ„
816 4932 839 4980 t.
852 4917 947 4995 Vlll,
963 4919 1061 4997 insta,
1076 4917 1131 4980 col.
1149 4917 1220 4980 302.
