<?xml version="1.0" encoding="UTF-8"?>
<!DOCTYPE html PUBLIC "-//W3C//DTD XHTML 1.0 Transitional//EN"
    "http://www.w3.org/TR/xhtml1/DTD/xhtml1-transitional.dtd">
<html xmlns="http://www.w3.org/1999/xhtml" xml:lang="en" lang="en">
 <head>
  <title>
</title>
<meta http-equiv="Content-Type" content="text/html;charset=utf-8" />
  <meta name='ocr-system' content='tesseract 3.04.00' />
  <meta name='ocr-capabilities' content='ocr_page ocr_carea ocr_par ocr_line ocrx_word'/>
</head>
<body>
  <div class='ocr_page' id='page_1' title='image "./cartulairedelab00abbegoog_0481.png"; bbox 0 0 4462 6120; ppageno 0'>
   <div class='ocr_carea' id='block_1_1' title="bbox 627 740 1603 816">
    <p class='ocr_par' dir='ltr' id='par_1_1' title="bbox 627 740 1603 816">
     <span class='ocr_line' id='line_1_1' title="bbox 627 740 1603 816; baseline -0.002 -4"><span class='ocrx_word' id='word_1_1' title='bbox 627 742 664 812; x_wconf 90' lang='lat' dir='ltr'><strong>S.</strong></span> <span class='ocrx_word' id='word_1_2' title='bbox 687 744 830 816; x_wconf 83' lang='lat' dir='ltr'>PETRI</span> <span class='ocrx_word' id='word_1_3' title='bbox 856 740 1194 816; x_wconf 77' lang='lat' dir='ltr'><strong>GARNOTENstS.</strong></span> <span class='ocrx_word' id='word_1_4' title='bbox 1557 742 1603 810; x_wconf 80' lang='lat' dir='ltr'><strong>tu</strong></span> 
     </span>
    </p>
   </div>
   <div class='ocr_carea' id='block_1_2' title="bbox 207 883 1609 4537">
    <p class='ocr_par' dir='ltr' id='par_1_2' title="bbox 207 883 1609 4537">
     <span class='ocr_line' id='line_1_2' title="bbox 261 883 1606 988; baseline 0.003 -35"><span class='ocrx_word' id='word_1_5' title='bbox 261 883 346 955; x_wconf 84' lang='lat' dir='ltr'><strong>Haec</strong></span> <span class='ocrx_word' id='word_1_6' title='bbox 363 887 558 962; x_wconf 89' lang='lat' dir='ltr'><strong>conventio</strong></span> <span class='ocrx_word' id='word_1_7' title='bbox 572 906 691 961; x_wconf 86' lang='lat' dir='ltr'><strong>secuta</strong></span> <span class='ocrx_word' id='word_1_8' title='bbox 707 891 858 964; x_wconf 91' lang='lat' dir='ltr'><strong>minime</strong></span> <span class='ocrx_word' id='word_1_9' title='bbox 867 890 958 977; x_wconf 73' lang='lat' dir='ltr'><strong>fnit,</strong></span> <span class='ocrx_word' id='word_1_10' title='bbox 977 916 1074 977; x_wconf 89' lang='lat' dir='ltr'><strong>nam,</strong></span> <span class='ocrx_word' id='word_1_11' title='bbox 1091 887 1209 988; x_wconf 80' lang='lat' dir='ltr'><strong>gladio</strong></span> <span class='ocrx_word' id='word_1_12' title='bbox 1223 885 1480 962; x_wconf 88' lang='lat' dir='ltr'><strong>Lothariorum</strong></span> <span class='ocrx_word' id='word_1_13' title='bbox 1495 886 1606 959; x_wconf 85' lang='lat' dir='ltr'><strong>inter·</strong></span> 
     </span>
     <span class='ocr_line' id='line_1_3' title="bbox 210 1002 1607 1111; baseline 0.002 -37"><span class='ocrx_word' id='word_1_14' title='bbox 210 1002 345 1094; x_wconf 85' lang='lat' dir='ltr'><strong>fectus,</strong></span> <span class='ocrx_word' id='word_1_15' title='bbox 365 1033 441 1081; x_wconf 92' lang='lat' dir='ltr'><strong>non</strong></span> <span class='ocrx_word' id='word_1_16' title='bbox 460 1008 573 1080; x_wconf 89' lang='lat' dir='ltr'><strong>valuit</strong></span> <span class='ocrx_word' id='word_1_17' title='bbox 589 1011 688 1111; x_wconf 90' lang='lat' dir='ltr'><strong>sequi</strong></span> <span class='ocrx_word' id='word_1_18' title='bbox 707 1013 1010 1098; x_wconf 76' lang='lat' dir='ltr'><strong>conventionem,</strong></span> <span class='ocrx_word' id='word_1_19' title='bbox 1033 1037 1101 1083; x_wconf 88' lang='lat' dir='ltr'><strong>nec</strong></span> <span class='ocrx_word' id='word_1_20' title='bbox 1118 1010 1183 1082; x_wconf 85' lang='lat' dir='ltr'><strong>fitii</strong></span> <span class='ocrx_word' id='word_1_21' title='bbox 1204 1012 1279 1109; x_wconf 86' lang='lat' dir='ltr'><strong>ejus</strong></span> <span class='ocrx_word' id='word_1_22' title='bbox 1298 1011 1337 1082; x_wconf 96' lang='lat' dir='ltr'><strong>in</strong></span> <span class='ocrx_word' id='word_1_23' title='bbox 1356 1008 1515 1108; x_wconf 87' lang='lat' dir='ltr'><strong>propriis</strong></span> <span class='ocrx_word' id='word_1_24' title='bbox 1531 1007 1607 1079; x_wconf 88' lang='lat' dir='ltr'><strong>usi-</strong></span> 
     </span>
     <span class='ocr_line' id='line_1_4' title="bbox 211 1126 1606 1236; baseline 0.001 -37"><span class='ocrx_word' id='word_1_25' title='bbox 211 1126 279 1199; x_wconf 87' lang='lat' dir='ltr'><strong>bus</strong></span> <span class='ocrx_word' id='word_1_26' title='bbox 296 1144 431 1202; x_wconf 84' lang='lat' dir='ltr'><strong>terram</strong></span> <span class='ocrx_word' id='word_1_27' title='bbox 446 1131 622 1230; x_wconf 76' lang='lat' dir='ltr'>prefatam</span> <span class='ocrx_word' id='word_1_28' title='bbox 639 1160 865 1236; x_wconf 86' lang='lat' dir='ltr'><strong>nequaquam</strong></span> <span class='ocrx_word' id='word_1_29' title='bbox 884 1133 1047 1206; x_wconf 86' lang='lat' dir='ltr'>habuisse</span> <span class='ocrx_word' id='word_1_30' title='bbox 1063 1150 1279 1205; x_wconf 87' lang='lat' dir='ltr'><strong>noscuntur.</strong></span> <span class='ocrx_word' id='word_1_31' title='bbox 1303 1133 1442 1206; x_wconf 84' lang='lat' dir='ltr'><strong>Milites</strong></span> <span class='ocrx_word' id='word_1_32' title='bbox 1458 1154 1606 1231; x_wconf 87' lang='lat' dir='ltr'><strong>qnoque</strong></span> 
     </span>
     <span class='ocr_line' id='line_1_5' title="bbox 211 1251 1605 1354; baseline 0 -33"><span class='ocrx_word' id='word_1_33' title='bbox 211 1251 274 1349; x_wconf 84' lang='lat' dir='ltr'><strong>qui</strong></span> <span class='ocrx_word' id='word_1_34' title='bbox 286 1277 365 1325; x_wconf 87' lang='lat' dir='ltr'><strong>eam</strong></span> <span class='ocrx_word' id='word_1_35' title='bbox 377 1253 560 1351; x_wconf 90' lang='lat' dir='ltr'><strong>possident</strong></span> <span class='ocrx_word' id='word_1_36' title='bbox 572 1274 736 1329; x_wconf 88' lang='lat' dir='ltr'><strong>asserunt</strong></span> <span class='ocrx_word' id='word_1_37' title='bbox 748 1259 897 1331; x_wconf 86' lang='lat' dir='ltr'><strong>eandem</strong></span> <span class='ocrx_word' id='word_1_38' title='bbox 913 1273 1058 1345; x_wconf 89' lang='lat' dir='ltr'><strong>terram,</strong></span> <span class='ocrx_word' id='word_1_39' title='bbox 1075 1281 1159 1327; x_wconf 89' lang='lat' dir='ltr'><strong>cum</strong></span> <span class='ocrx_word' id='word_1_40' title='bbox 1173 1257 1265 1329; x_wconf 89' lang='lat' dir='ltr'><strong>saltu</strong></span> <span class='ocrx_word' id='word_1_41' title='bbox 1278 1256 1473 1354; x_wconf 88' lang='lat' dir='ltr'><strong>adjacente,</strong></span> <span class='ocrx_word' id='word_1_42' title='bbox 1484 1251 1605 1325; x_wconf 89' lang='lat' dir='ltr'><strong>datam</strong></span> 
     </span>
     <span class='ocr_line' id='line_1_6' title="bbox 212 1374 1603 1478; baseline -0.001 -34"><span class='ocrx_word' id='word_1_43' title='bbox 212 1397 285 1445; x_wconf 87' lang='lat' dir='ltr'><strong>esse</strong></span> <span class='ocrx_word' id='word_1_44' title='bbox 293 1374 475 1450; x_wconf 89' lang='lat' dir='ltr'><strong>Walterio</strong></span> <span class='ocrx_word' id='word_1_45' title='bbox 489 1377 531 1450; x_wconf 92' lang='lat' dir='ltr'><strong>de</strong></span> <span class='ocrx_word' id='word_1_46' title='bbox 549 1378 675 1478; x_wconf 80' lang='lat' dir='ltr'><strong>Alogia</strong></span> <span class='ocrx_word' id='word_1_47' title='bbox 693 1377 739 1449; x_wconf 87' lang='lat' dir='ltr'><strong>ab</strong></span> <span class='ocrx_word' id='word_1_48' title='bbox 755 1378 882 1453; x_wconf 85' lang='lat' dir='ltr'><strong>Odono</strong></span> <span class='ocrx_word' id='word_1_49' title='bbox 899 1380 1052 1464; x_wconf 86' lang='lat' dir='ltr'><strong>comite,</strong></span> <span class='ocrx_word' id='word_1_50' title='bbox 1070 1378 1105 1448; x_wconf 90' lang='lat' dir='ltr'><strong>in</strong></span> <span class='ocrx_word' id='word_1_51' title='bbox 1123 1377 1252 1476; x_wconf 89' lang='lat' dir='ltr'><strong>praelio</strong></span> <span class='ocrx_word' id='word_1_52' title='bbox 1267 1378 1393 1451; x_wconf 91' lang='lat' dir='ltr'><strong>Pontis</strong></span> <span class='ocrx_word' id='word_1_53' title='bbox 1406 1374 1566 1472; x_wconf 82' lang='lat' dir='ltr'><strong>Levigati</strong></span> <span class='ocrx_word' id='word_1_54' title='bbox 1578 1387 1603 1457; x_wconf 88' lang='lat'><strong>¹,</strong></span> 
     </span>
     <span class='ocr_line' id='line_1_7' title="bbox 210 1493 1604 1599; baseline -0.001 -33"><span class='ocrx_word' id='word_1_55' title='bbox 210 1493 275 1568; x_wconf 93' lang='lat' dir='ltr'><strong>ubi</strong></span> <span class='ocrx_word' id='word_1_56' title='bbox 290 1496 381 1570; x_wconf 87' lang='lat' dir='ltr'><strong>male</strong></span> <span class='ocrx_word' id='word_1_57' title='bbox 395 1501 570 1599; x_wconf 77' lang='lat' dir='ltr'><strong>pugnavit</strong></span> <span class='ocrx_word' id='word_1_58' title='bbox 583 1516 711 1573; x_wconf 89' lang='lat' dir='ltr'><strong>contra</strong></span> <span class='ocrx_word' id='word_1_59' title='bbox 723 1502 955 1589; x_wconf 67' lang='lat' dir='ltr'><strong>Falconem,</strong></span> <span class='ocrx_word' id='word_1_60' title='bbox 969 1497 1263 1599; x_wconf 80' lang='lat' dir='ltr'><strong>Andegavensem</strong></span> <span class='ocrx_word' id='word_1_61' title='bbox 1271 1500 1454 1573; x_wconf 86' lang='lat' dir='ltr'><strong>comitem.</strong></span> <span class='ocrx_word' id='word_1_62' title='bbox 1470 1496 1604 1568; x_wconf 86' lang='lat' dir='ltr'><strong>Utrum</strong></span> 
     </span>
     <span class='ocr_line' id='line_1_8' title="bbox 210 1616 1605 1722; baseline 0.001 -35"><span class='ocrx_word' id='word_1_63' title='bbox 210 1643 298 1691; x_wconf 90' lang='lat' dir='ltr'><strong>vero</strong></span> <span class='ocrx_word' id='word_1_64' title='bbox 312 1646 439 1693; x_wconf 90' lang='lat' dir='ltr'><strong>verum</strong></span> <span class='ocrx_word' id='word_1_65' title='bbox 454 1620 594 1712; x_wconf 80' lang='lat' dir='ltr'><strong>dicant,</strong></span> <span class='ocrx_word' id='word_1_66' title='bbox 618 1651 662 1696; x_wconf 92' lang='lat' dir='ltr'><strong>an</strong></span> <span class='ocrx_word' id='word_1_67' title='bbox 680 1650 779 1711; x_wconf 90' lang='lat' dir='ltr'><strong>non,</strong></span> <span class='ocrx_word' id='word_1_68' title='bbox 805 1641 924 1697; x_wconf 87' lang='lat' dir='ltr'><strong>certus</strong></span> <span class='ocrx_word' id='word_1_69' title='bbox 942 1649 1017 1695; x_wconf 91' lang='lat' dir='ltr'><strong>non</strong></span> <span class='ocrx_word' id='word_1_70' title='bbox 1036 1647 1116 1693; x_wconf 91' lang='lat' dir='ltr'><strong>sum</strong></span> <span class='ocrx_word' id='word_1_71' title='bbox 1127 1651 1138 1710; x_wconf 80' lang='lat'>3</span> <span class='ocrx_word' id='word_1_72' title='bbox 1165 1638 1283 1695; x_wconf 89' lang='lat' dir='ltr'><strong>tamen</strong></span> <span class='ocrx_word' id='word_1_73' title='bbox 1306 1623 1380 1695; x_wconf 89' lang='lat' dir='ltr'><strong>scio</strong></span> <span class='ocrx_word' id='word_1_74' title='bbox 1397 1620 1481 1722; x_wconf 90' lang='lat' dir='ltr'><strong>qnia</strong></span> <span class='ocrx_word' id='word_1_75' title='bbox 1502 1616 1605 1690; x_wconf 91' lang='lat' dir='ltr'><strong>colo-</strong></span> 
     </span>
     <span class='ocr_line' id='line_1_9' title="bbox 212 1744 1602 1845; baseline -0.001 -34"><span class='ocrx_word' id='word_1_76' title='bbox 212 1764 301 1829; x_wconf 86' lang='lat' dir='ltr'><strong>nus,</strong></span> <span class='ocrx_word' id='word_1_77' title='bbox 321 1744 406 1843; x_wconf 86' lang='lat' dir='ltr'><strong>qni,</strong></span> <span class='ocrx_word' id='word_1_78' title='bbox 424 1745 517 1818; x_wconf 88' lang='lat' dir='ltr'><strong>sicut</strong></span> <span class='ocrx_word' id='word_1_79' title='bbox 531 1747 714 1845; x_wconf 90' lang='lat' dir='ltr'><strong>superius,</strong></span> <span class='ocrx_word' id='word_1_80' title='bbox 733 1747 836 1821; x_wconf 91' lang='lat' dir='ltr'><strong>datus</strong></span> <span class='ocrx_word' id='word_1_81' title='bbox 852 1765 905 1821; x_wconf 90' lang='lat' dir='ltr'><strong>est</strong></span> <span class='ocrx_word' id='word_1_82' title='bbox 922 1774 941 1820; x_wconf 91' lang='lat' dir='ltr'><strong>a</strong></span> <span class='ocrx_word' id='word_1_83' title='bbox 959 1747 1093 1821; x_wconf 89' lang='lat' dir='ltr'><strong>comite</strong></span> <span class='ocrx_word' id='word_1_84' title='bbox 1108 1744 1297 1821; x_wconf 89' lang='lat' dir='ltr'><strong>monachis</strong></span> <span class='ocrx_word' id='word_1_85' title='bbox 1316 1747 1355 1819; x_wconf 93' lang='lat' dir='ltr'><strong>in</strong></span> <span class='ocrx_word' id='word_1_86' title='bbox 1376 1745 1602 1823; x_wconf 73' lang='lat' dir='ltr'><strong>vestituram,</strong></span> 
     </span>
     <span class='ocr_line' id='line_1_10' title="bbox 211 1864 1605 1971; baseline -0.001 -38"><span class='ocrx_word' id='word_1_87' title='bbox 211 1888 280 1963; x_wconf 92' lang='lat' dir='ltr'><strong>sup</strong></span> <span class='ocrx_word' id='word_1_88' title='bbox 292 1879 468 1963; x_wconf 82' lang='lat' dir='ltr'><strong>potestate</strong></span> <span class='ocrx_word' id='word_1_89' title='bbox 481 1893 610 1941; x_wconf 91' lang='lat' dir='ltr'><strong>eorum</strong></span> <span class='ocrx_word' id='word_1_90' title='bbox 622 1895 735 1969; x_wconf 82' lang='lat' dir='ltr'><strong>usque</strong></span> <span class='ocrx_word' id='word_1_91' title='bbox 749 1870 788 1941; x_wconf 95' lang='lat' dir='ltr'><strong>in</strong></span> <span class='ocrx_word' id='word_1_92' title='bbox 801 1887 1018 1971; x_wconf 77' lang='lat' dir='ltr'><strong>praesentem</strong></span> <span class='ocrx_word' id='word_1_93' title='bbox 1034 1866 1131 1941; x_wconf 93' lang='lat' dir='ltr'><strong>diem</strong></span> <span class='ocrx_word' id='word_1_94' title='bbox 1146 1883 1348 1967; x_wconf 84' lang='lat' dir='ltr'><strong>permanet.</strong></span> <span class='ocrx_word' id='word_1_95' title='bbox 1370 1864 1605 1939; x_wconf 84' lang='lat' dir='ltr'><strong>Terminatur</strong></span> 
     </span>
     <span class='ocr_line' id='line_1_11' title="bbox 210 1980 1601 2093; baseline 0 -38"><span class='ocrx_word' id='word_1_96' title='bbox 210 1980 366 2085; x_wconf 87' lang='lat' dir='ltr'><strong>denique</strong></span> <span class='ocrx_word' id='word_1_97' title='bbox 389 1988 463 2089; x_wconf 89' lang='lat' dir='ltr'><strong>ipsa</strong></span> <span class='ocrx_word' id='word_1_98' title='bbox 487 2006 582 2064; x_wconf 86' lang='lat' dir='ltr'><strong>terra</strong></span> <span class='ocrx_word' id='word_1_99' title='bbox 606 1990 650 2065; x_wconf 91' lang='lat' dir='ltr'><strong>de</strong></span> <span class='ocrx_word' id='word_1_100' title='bbox 674 2018 744 2092; x_wconf 90' lang='lat' dir='ltr'><strong>qua</strong></span> <span class='ocrx_word' id='word_1_101' title='bbox 763 1992 914 2093; x_wconf 85' lang='lat' dir='ltr'><strong>loquor,</strong></span> <span class='ocrx_word' id='word_1_102' title='bbox 934 1989 980 2065; x_wconf 89' lang='lat' dir='ltr'><strong>ab</strong></span> <span class='ocrx_word' id='word_1_103' title='bbox 998 1990 1167 2065; x_wconf 75' lang='lat' dir='ltr'><strong>orientali</strong></span> <span class='ocrx_word' id='word_1_104' title='bbox 1187 1988 1311 2089; x_wconf 79' lang='lat' dir='ltr'><strong>plaga,</strong></span> <span class='ocrx_word' id='word_1_105' title='bbox 1335 1989 1429 2063; x_wconf 88' lang='lat' dir='ltr'><strong>saltu</strong></span> <span class='ocrx_word' id='word_1_106' title='bbox 1449 2008 1601 2084; x_wconf 78' lang='lat' dir='ltr'><strong>magno,</strong></span> 
     </span>
     <span class='ocr_line' id='line_1_12' title="bbox 210 2104 1607 2212; baseline -0.001 -34"><span class='ocrx_word' id='word_1_107' title='bbox 210 2130 321 2204; x_wconf 89' lang='lat' dir='ltr'><strong>quem</strong></span> <span class='ocrx_word' id='word_1_108' title='bbox 342 2126 522 2209; x_wconf 86' lang='lat' dir='ltr'><strong>quantum</strong></span> <span class='ocrx_word' id='word_1_109' title='bbox 542 2138 644 2183; x_wconf 88' lang='lat' dir='ltr'><strong>arcus</strong></span> <span class='ocrx_word' id='word_1_110' title='bbox 662 2114 830 2212; x_wconf 81' lang='lat' dir='ltr'><strong>sagittam</strong></span> <span class='ocrx_word' id='word_1_111' title='bbox 852 2127 972 2211; x_wconf 89' lang='lat' dir='ltr'><strong>potest</strong></span> <span class='ocrx_word' id='word_1_112' title='bbox 989 2114 1108 2208; x_wconf 87' lang='lat' dir='ltr'><strong>jacere</strong></span> <span class='ocrx_word' id='word_1_113' title='bbox 1132 2124 1274 2182; x_wconf 88' lang='lat' dir='ltr'><strong>tantum</strong></span> <span class='ocrx_word' id='word_1_114' title='bbox 1299 2108 1480 2210; x_wconf 87' lang='lat' dir='ltr'><strong>possidere</strong></span> <span class='ocrx_word' id='word_1_115' title='bbox 1503 2104 1607 2177; x_wconf 85' lang='lat' dir='ltr'><strong>vide-</strong></span> 
     </span>
     <span class='ocr_line' id='line_1_13' title="bbox 211 2226 1606 2334; baseline -0.002 -32"><span class='ocrx_word' id='word_1_116' title='bbox 211 2257 315 2318; x_wconf 88' lang='lat' dir='ltr'><strong>mur,</strong></span> <span class='ocrx_word' id='word_1_117' title='bbox 341 2258 425 2303; x_wconf 91' lang='lat' dir='ltr'><strong>cum</strong></span> <span class='ocrx_word' id='word_1_118' title='bbox 448 2234 597 2334; x_wconf 88' lang='lat' dir='ltr'><strong>illisqui</strong></span> <span class='ocrx_word' id='word_1_119' title='bbox 617 2236 883 2333; x_wconf 87' lang='lat' dir='ltr'><strong>participantur</strong></span> <span class='ocrx_word' id='word_1_120' title='bbox 910 2233 1102 2307; x_wconf 89' lang='lat' dir='ltr'><strong>nobiscum</strong></span> <span class='ocrx_word' id='word_1_121' title='bbox 1132 2230 1282 2305; x_wconf 89' lang='lat' dir='ltr'><strong>eandem</strong></span> <span class='ocrx_word' id='word_1_122' title='bbox 1308 2250 1466 2319; x_wconf 84' lang='lat' dir='ltr'><strong>terram;</strong></span> <span class='ocrx_word' id='word_1_123' title='bbox 1494 2244 1532 2302; x_wconf 92' lang='lat' dir='ltr'><strong>et</strong></span> <span class='ocrx_word' id='word_1_124' title='bbox 1559 2226 1606 2299; x_wconf 87' lang='lat' dir='ltr'><strong>ab</strong></span> 
     </span>
     <span class='ocr_line' id='line_1_14' title="bbox 212 2354 1605 2457; baseline -0.002 -28"><span class='ocrx_word' id='word_1_125' title='bbox 212 2354 425 2429; x_wconf 89' lang='lat' dir='ltr'><strong>occidentali</strong></span> <span class='ocrx_word' id='word_1_126' title='bbox 445 2355 592 2456; x_wconf 89' lang='lat' dir='ltr'><strong>quidem</strong></span> <span class='ocrx_word' id='word_1_127' title='bbox 611 2358 733 2457; x_wconf 75' lang='lat' dir='ltr'><strong>plaga,</strong></span> <span class='ocrx_word' id='word_1_128' title='bbox 759 2356 936 2430; x_wconf 89' lang='lat' dir='ltr'><strong>dividitur</strong></span> <span class='ocrx_word' id='word_1_129' title='bbox 956 2355 1111 2457; x_wconf 89' lang='lat' dir='ltr'><strong>quadam</strong></span> <span class='ocrx_word' id='word_1_130' title='bbox 1133 2356 1214 2441; x_wconf 85' lang='lat' dir='ltr'><strong>via,</strong></span> <span class='ocrx_word' id='word_1_131' title='bbox 1235 2355 1303 2428; x_wconf 90' lang='lat' dir='ltr'><strong>sub</strong></span> <span class='ocrx_word' id='word_1_132' title='bbox 1320 2382 1391 2455; x_wconf 89' lang='lat' dir='ltr'><strong>qua</strong></span> <span class='ocrx_word' id='word_1_133' title='bbox 1415 2357 1470 2427; x_wconf 92' lang='lat' dir='ltr'><strong>via</strong></span> <span class='ocrx_word' id='word_1_134' title='bbox 1493 2379 1605 2453; x_wconf 89' lang='lat' dir='ltr'><strong>usque</strong></span> 
     </span>
     <span class='ocr_line' id='line_1_15' title="bbox 212 2477 1605 2581; baseline 0.001 -31"><span class='ocrx_word' id='word_1_135' title='bbox 212 2478 256 2551; x_wconf 91' lang='lat' dir='ltr'><strong>ad</strong></span> <span class='ocrx_word' id='word_1_136' title='bbox 271 2506 401 2581; x_wconf 92' lang='lat' dir='ltr'><strong>aquam</strong></span> <span class='ocrx_word' id='word_1_137' title='bbox 417 2480 611 2554; x_wconf 85' lang='lat' dir='ltr'><strong>vocitatam</strong></span> <span class='ocrx_word' id='word_1_138' title='bbox 627 2480 780 2553; x_wconf 86' lang='lat' dir='ltr'><strong>Ederam</strong></span> <span class='ocrx_word' id='word_1_139' title='bbox 798 2497 873 2555; x_wconf 91' lang='lat' dir='ltr'><strong>tota</strong></span> <span class='ocrx_word' id='word_1_140' title='bbox 893 2496 1007 2566; x_wconf 90' lang='lat' dir='ltr'><strong>terra,</strong></span> <span class='ocrx_word' id='word_1_141' title='bbox 1027 2479 1247 2580; x_wconf 88' lang='lat' dir='ltr'><strong>abantiquis</strong></span> <span class='ocrx_word' id='word_1_142' title='bbox 1264 2477 1509 2578; x_wconf 89' lang='lat' dir='ltr'><strong>temporibus,</strong></span> <span class='ocrx_word' id='word_1_143' title='bbox 1527 2502 1605 2551; x_wconf 89' lang='lat' dir='ltr'><strong>mo·</strong></span> 
     </span>
     <span class='ocr_line' id='line_1_16' title="bbox 211 2597 1602 2703; baseline -0.001 -32"><span class='ocrx_word' id='word_1_144' title='bbox 211 2597 414 2675; x_wconf 69' lang='lat' dir='ltr'><strong>nachor-um</strong></span> <span class='ocrx_word' id='word_1_145' title='bbox 428 2601 595 2698; x_wconf 87' lang='lat' dir='ltr'><strong>potestati</strong></span> <span class='ocrx_word' id='word_1_146' title='bbox 613 2600 775 2690; x_wconf 88' lang='lat' dir='ltr'><strong>subdita,</strong></span> <span class='ocrx_word' id='word_1_147' title='bbox 795 2618 833 2675; x_wconf 92' lang='lat' dir='ltr'><strong>et</strong></span> <span class='ocrx_word' id='word_1_148' title='bbox 847 2628 959 2703; x_wconf 88' lang='lat' dir='ltr'><strong>usque</strong></span> <span class='ocrx_word' id='word_1_149' title='bbox 974 2600 1018 2673; x_wconf 87' lang='lat' dir='ltr'><strong>ad</strong></span> <span class='ocrx_word' id='word_1_150' title='bbox 1035 2600 1175 2674; x_wconf 82' lang='lat' dir='ltr'><strong>sontem</strong></span> <span class='ocrx_word' id='word_1_151' title='bbox 1189 2600 1420 2673; x_wconf 88' lang='lat' dir='ltr'><strong>nominatum</strong></span> <span class='ocrx_word' id='word_1_152' title='bbox 1437 2598 1602 2685; x_wconf 87' lang='lat' dir='ltr'><strong>Meidlai,</strong></span> 
     </span>
     <span class='ocr_line' id='line_1_17' title="bbox 209 2720 1607 2824; baseline 0 -29"><span class='ocrx_word' id='word_1_153' title='bbox 209 2720 351 2824; x_wconf 89' lang='lat' dir='ltr'><strong>dequo</strong></span> <span class='ocrx_word' id='word_1_154' title='bbox 371 2723 504 2796; x_wconf 90' lang='lat' dir='ltr'><strong>mulier</strong></span> <span class='ocrx_word' id='word_1_155' title='bbox 522 2726 641 2798; x_wconf 86' lang='lat' dir='ltr'><strong>aurire</strong></span> <span class='ocrx_word' id='word_1_156' title='bbox 666 2726 771 2799; x_wconf 87' lang='lat' dir='ltr'><strong>nullo</strong></span> <span class='ocrx_word' id='word_1_157' title='bbox 792 2725 903 2800; x_wconf 91' lang='lat' dir='ltr'><strong>modo</strong></span> <span class='ocrx_word' id='word_1_158' title='bbox 921 2725 1016 2797; x_wconf 87' lang='lat' dir='ltr'><strong>valet</strong></span> <span class='ocrx_word' id='word_1_159' title='bbox 1038 2724 1152 2795; x_wconf 89' lang='lat' dir='ltr'><strong>inulta</strong></span> <span class='ocrx_word' id='word_1_160' title='bbox 1170 2724 1185 2819; x_wconf 85' lang='lat'>(</span> <span class='ocrx_word' id='word_1_161' title='bbox 1195 2749 1279 2794; x_wconf 90' lang='lat' dir='ltr'><strong>nam</strong></span> <span class='ocrx_word' id='word_1_162' title='bbox 1299 2721 1419 2795; x_wconf 89' lang='lat' dir='ltr'><strong>fertur</strong></span> <span class='ocrx_word' id='word_1_163' title='bbox 1439 2720 1607 2823; x_wconf 75' lang='lat' dir='ltr'><strong>quasdam</strong></span> 
     </span>
     <span class='ocr_line' id='line_1_18' title="bbox 213 2845 1608 2947; baseline -0.001 -28"><span class='ocrx_word' id='word_1_164' title='bbox 213 2862 349 2920; x_wconf 87' lang='lat' dir='ltr'><strong>temere</strong></span> <span class='ocrx_word' id='word_1_165' title='bbox 364 2847 494 2918; x_wconf 90' lang='lat' dir='ltr'><strong>ausisse</strong></span> <span class='ocrx_word' id='word_1_166' title='bbox 508 2848 700 2947; x_wconf 85' lang='lat' dir='ltr'><strong>statimque</strong></span> <span class='ocrx_word' id='word_1_167' title='bbox 714 2849 838 2921; x_wconf 91' lang='lat' dir='ltr'><strong>lumen</strong></span> <span class='ocrx_word' id='word_1_168' title='bbox 851 2848 1039 2943; x_wconf 88' lang='lat' dir='ltr'><strong>amisisse);</strong></span> <span class='ocrx_word' id='word_1_169' title='bbox 1055 2873 1098 2919; x_wconf 82' lang='lat' dir='ltr'><strong>ex</strong></span> <span class='ocrx_word' id='word_1_170' title='bbox 1113 2846 1223 2919; x_wconf 86' lang='lat' dir='ltr'><strong>altera</strong></span> <span class='ocrx_word' id='word_1_171' title='bbox 1240 2860 1362 2944; x_wconf 89' lang='lat' dir='ltr'><strong>parte,</strong></span> <span class='ocrx_word' id='word_1_172' title='bbox 1383 2860 1478 2917; x_wconf 81' lang='lat' dir='ltr'><strong>teria</strong></span> <span class='ocrx_word' id='word_1_173' title='bbox 1495 2845 1608 2917; x_wconf 83' lang='lat' dir='ltr'><strong>Buxe-</strong></span> 
     </span>
     <span class='ocr_line' id='line_1_19' title="bbox 212 2965 1609 3068; baseline -0.002 -28"><span class='ocrx_word' id='word_1_174' title='bbox 212 2967 311 3054; x_wconf 89' lang='lat' dir='ltr'><strong>duli,</strong></span> <span class='ocrx_word' id='word_1_175' title='bbox 330 2994 413 3068; x_wconf 88' lang='lat' dir='ltr'><strong>quae</strong></span> <span class='ocrx_word' id='word_1_176' title='bbox 429 2994 447 3038; x_wconf 91' lang='lat' dir='ltr'><strong>a</strong></span> <span class='ocrx_word' id='word_1_177' title='bbox 464 2965 649 3040; x_wconf 86' lang='lat' dir='ltr'><strong>modernis</strong></span> <span class='ocrx_word' id='word_1_178' title='bbox 663 2968 850 3041; x_wconf 86' lang='lat' dir='ltr'><strong>monachis</strong></span> <span class='ocrx_word' id='word_1_179' title='bbox 866 2970 974 3041; x_wconf 91' lang='lat' dir='ltr'><strong>etiam</strong></span> <span class='ocrx_word' id='word_1_180' title='bbox 998 2984 1036 3039; x_wconf 85' lang='lat' dir='ltr'><strong>et</strong></span> <span class='ocrx_word' id='word_1_181' title='bbox 1058 2969 1131 3066; x_wconf 89' lang='lat' dir='ltr'><strong>ipsa</strong></span> <span class='ocrx_word' id='word_1_182' title='bbox 1156 2968 1324 3065; x_wconf 85' lang='lat' dir='ltr'><strong>potestati</strong></span> <span class='ocrx_word' id='word_1_183' title='bbox 1348 2992 1503 3055; x_wconf 89' lang='lat' dir='ltr'><strong>eorum,</strong></span> <span class='ocrx_word' id='word_1_184' title='bbox 1526 2967 1609 3065; x_wconf 86' lang='lat' dir='ltr'><strong>jure</strong></span> 
     </span>
     <span class='ocr_line' id='line_1_20' title="bbox 212 3086 1609 3189; baseline -0.003 -26"><span class='ocrx_word' id='word_1_185' title='bbox 212 3090 430 3189; x_wconf 86' lang='lat' dir='ltr'><strong>emptionis,</strong></span> <span class='ocrx_word' id='word_1_186' title='bbox 462 3086 645 3186; x_wconf 88' lang='lat' dir='ltr'><strong>subposita</strong></span> <span class='ocrx_word' id='word_1_187' title='bbox 674 3114 748 3161; x_wconf 90' lang='lat' dir='ltr'><strong>esse</strong></span> <span class='ocrx_word' id='word_1_188' title='bbox 777 3089 953 3162; x_wconf 88' lang='lat' dir='ltr'><strong>noscitur.</strong></span> <span class='ocrx_word' id='word_1_189' title='bbox 981 3088 1305 3163; x_wconf 85' lang='lat' dir='ltr'><strong>Verumenimvero</strong></span> <span class='ocrx_word' id='word_1_190' title='bbox 1334 3088 1378 3161; x_wconf 89' lang='lat' dir='ltr'><strong>de</strong></span> <span class='ocrx_word' id='word_1_191' title='bbox 1407 3086 1609 3187; x_wconf 88' lang='lat' dir='ltr'><strong>supradicta</strong></span> 
     </span>
     <span class='ocr_line' id='line_1_21' title="bbox 213 3207 1609 3311; baseline -0.004 -25"><span class='ocrx_word' id='word_1_192' title='bbox 213 3212 476 3299; x_wconf 81' lang='lat' dir='ltr'><strong>conventione,</strong></span> <span class='ocrx_word' id='word_1_193' title='bbox 497 3209 533 3283; x_wconf 93' lang='lat' dir='ltr'><strong>id</strong></span> <span class='ocrx_word' id='word_1_194' title='bbox 549 3209 648 3311; x_wconf 89' lang='lat' dir='ltr'><strong>quod</strong></span> <span class='ocrx_word' id='word_1_195' title='bbox 666 3209 791 3284; x_wconf 90' lang='lat' dir='ltr'><strong>domni</strong></span> <span class='ocrx_word' id='word_1_196' title='bbox 812 3209 1008 3297; x_wconf 72' lang='lat' dir='ltr'><strong>notberti,</strong></span> <span class='ocrx_word' id='word_1_197' title='bbox 1031 3209 1147 3283; x_wconf 87' lang='lat' dir='ltr'><strong>nostri</strong></span> <span class='ocrx_word' id='word_1_198' title='bbox 1168 3207 1336 3283; x_wconf 88' lang='lat' dir='ltr'><strong>monachi</strong></span> <span class='ocrx_word' id='word_1_199' title='bbox 1356 3227 1464 3310; x_wconf 87' lang='lat' dir='ltr'><strong>atque</strong></span> <span class='ocrx_word' id='word_1_200' title='bbox 1481 3211 1609 3285; x_wconf 85' lang='lat' dir='ltr'><strong>Fossa-</strong></span> 
     </span>
     <span class='ocr_line' id='line_1_22' title="bbox 216 3329 1609 3435; baseline -0.001 -30"><span class='ocrx_word' id='word_1_201' title='bbox 216 3335 324 3407; x_wconf 88' lang='lat' dir='ltr'><strong>tensis</strong></span> <span class='ocrx_word' id='word_1_202' title='bbox 343 3332 486 3408; x_wconf 89' lang='lat' dir='ltr'><strong>cenobii</strong></span> <span class='ocrx_word' id='word_1_203' title='bbox 503 3332 689 3435; x_wconf 86' lang='lat' dir='ltr'><strong>qnondam</strong></span> <span class='ocrx_word' id='word_1_204' title='bbox 706 3331 864 3419; x_wconf 88' lang='lat' dir='ltr'><strong>abbatis,</strong></span> <span class='ocrx_word' id='word_1_205' title='bbox 883 3332 1060 3407; x_wconf 88' lang='lat' dir='ltr'><strong>relatione</strong></span> <span class='ocrx_word' id='word_1_206' title='bbox 1081 3356 1228 3431; x_wconf 88' lang='lat' dir='ltr'><strong>persepe</strong></span> <span class='ocrx_word' id='word_1_207' title='bbox 1246 3329 1384 3420; x_wconf 90' lang='lat' dir='ltr'><strong>audivi,</strong></span> <span class='ocrx_word' id='word_1_208' title='bbox 1411 3330 1516 3404; x_wconf 80' lang='lat' dir='ltr'><strong>silere</strong></span> <span class='ocrx_word' id='word_1_209' title='bbox 1540 3355 1609 3403; x_wconf 89' lang='lat' dir='ltr'><strong>ne-</strong></span> 
     </span>
     <span class='ocr_line' id='line_1_23' title="bbox 212 3451 1609 3557; baseline -0.004 -26"><span class='ocrx_word' id='word_1_210' title='bbox 212 3482 328 3557; x_wconf 86' lang='lat' dir='ltr'><strong>queo;</strong></span> <span class='ocrx_word' id='word_1_211' title='bbox 353 3457 457 3557; x_wconf 88' lang='lat' dir='ltr'><strong>quia,</strong></span> <span class='ocrx_word' id='word_1_212' title='bbox 481 3454 569 3530; x_wconf 90' lang='lat' dir='ltr'><strong>dum</strong></span> <span class='ocrx_word' id='word_1_213' title='bbox 586 3456 705 3533; x_wconf 78' lang='lat' dir='ltr'><strong>sordis</strong></span> <span class='ocrx_word' id='word_1_214' title='bbox 722 3456 883 3530; x_wconf 88' lang='lat' dir='ltr'><strong>caminus</strong></span> <span class='ocrx_word' id='word_1_215' title='bbox 901 3454 1162 3555; x_wconf 79' lang='lat' dir='ltr'><strong>indignationis</strong></span> <span class='ocrx_word' id='word_1_216' title='bbox 1183 3456 1266 3554; x_wconf 79' lang='lat' dir='ltr'><strong>igne</strong></span> <span class='ocrx_word' id='word_1_217' title='bbox 1289 3451 1391 3526; x_wconf 83' lang='lat' dir='ltr'><strong>valde</strong></span> <span class='ocrx_word' id='word_1_218' title='bbox 1416 3451 1609 3525; x_wconf 88' lang='lat' dir='ltr'><strong>succendi·</strong></span> 
     </span>
     <span class='ocr_line' id='line_1_24' title="bbox 213 3572 1604 3682; baseline -0.004 -31"><span class='ocrx_word' id='word_1_219' title='bbox 213 3592 289 3668; x_wconf 85' lang='lat' dir='ltr'><strong>tur,</strong></span> <span class='ocrx_word' id='word_1_220' title='bbox 308 3604 449 3652; x_wconf 89' lang='lat' dir='ltr'><strong>necesse</strong></span> <span class='ocrx_word' id='word_1_221' title='bbox 467 3597 521 3653; x_wconf 89' lang='lat' dir='ltr'><strong>est</strong></span> <span class='ocrx_word' id='word_1_222' title='bbox 535 3580 660 3682; x_wconf 87' lang='lat' dir='ltr'><strong>aliquo</strong></span> <span class='ocrx_word' id='word_1_223' title='bbox 677 3578 778 3654; x_wconf 91' lang='lat' dir='ltr'><strong>aditu</strong></span> <span class='ocrx_word' id='word_1_224' title='bbox 799 3580 893 3680; x_wconf 80' lang='lat' dir='ltr'><strong>ignis</strong></span> <span class='ocrx_word' id='word_1_225' title='bbox 909 3579 1077 3667; x_wconf 84' lang='lat' dir='ltr'><strong>fumum,</strong></span> <span class='ocrx_word' id='word_1_226' title='bbox 1099 3594 1140 3651; x_wconf 92' lang='lat' dir='ltr'><strong>ut</strong></span> <span class='ocrx_word' id='word_1_227' title='bbox 1158 3576 1202 3651; x_wconf 92' lang='lat' dir='ltr'><strong>ad</strong></span> <span class='ocrx_word' id='word_1_228' title='bbox 1220 3577 1290 3649; x_wconf 91' lang='lat' dir='ltr'><strong>alta</strong></span> <span class='ocrx_word' id='word_1_229' title='bbox 1307 3575 1448 3664; x_wconf 81' lang='lat' dir='ltr'><strong>evolet,</strong></span> <span class='ocrx_word' id='word_1_230' title='bbox 1470 3572 1604 3676; x_wconf 76' lang='lat' dir='ltr'><strong>egredi.</strong></span> 
     </span>
     <span class='ocr_line' id='line_1_25' title="bbox 212 3697 1604 3802; baseline -0.004 -28"><span class='ocrx_word' id='word_1_231' title='bbox 212 3699 319 3774; x_wconf 86' lang='lat' dir='ltr'><strong>Unde</strong></span> <span class='ocrx_word' id='word_1_232' title='bbox 336 3701 409 3801; x_wconf 87' lang='lat' dir='ltr'><strong>ipse</strong></span> <span class='ocrx_word' id='word_1_233' title='bbox 423 3698 526 3802; x_wconf 85' lang='lat' dir='ltr'><strong>quod</strong></span> <span class='ocrx_word' id='word_1_234' title='bbox 545 3700 591 3773; x_wconf 93' lang='lat' dir='ltr'><strong>ab</strong></span> <span class='ocrx_word' id='word_1_235' title='bbox 608 3701 736 3775; x_wconf 89' lang='lat' dir='ltr'><strong>eodem</strong></span> <span class='ocrx_word' id='word_1_236' title='bbox 752 3702 832 3776; x_wconf 91' lang='lat' dir='ltr'><strong>viro</strong></span> <span class='ocrx_word' id='word_1_237' title='bbox 858 3698 996 3774; x_wconf 87' lang='lat' dir='ltr'><strong>audisse</strong></span> <span class='ocrx_word' id='word_1_238' title='bbox 1014 3726 1073 3773; x_wconf 91' lang='lat' dir='ltr'><strong>me</strong></span> <span class='ocrx_word' id='word_1_239' title='bbox 1093 3698 1243 3771; x_wconf 86' lang='lat' dir='ltr'><strong>memini</strong></span> <span class='ocrx_word' id='word_1_240' title='bbox 1265 3698 1385 3799; x_wconf 83' lang='lat' dir='ltr'><strong>palam</strong></span> <span class='ocrx_word' id='word_1_241' title='bbox 1407 3697 1604 3798; x_wconf 80' lang='lat' dir='ltr'><strong>proferam.</strong></span> 
     </span>
     <span class='ocr_line' id='line_1_26' title="bbox 212 3818 1609 3926; baseline -0.004 -27"><span class='ocrx_word' id='word_1_242' title='bbox 212 3822 407 3899; x_wconf 84' lang='lat' dir='ltr'><strong>Referebat</strong></span> <span class='ocrx_word' id='word_1_243' title='bbox 435 3849 593 3924; x_wconf 90' lang='lat' dir='ltr'><strong>namque</strong></span> <span class='ocrx_word' id='word_1_244' title='bbox 621 3826 705 3926; x_wconf 88' lang='lat' dir='ltr'><strong>quia</strong></span> <span class='ocrx_word' id='word_1_245' title='bbox 741 3839 831 3898; x_wconf 87' lang='lat' dir='ltr'><strong>tunc</strong></span> <span class='ocrx_word' id='word_1_246' title='bbox 863 3824 1038 3924; x_wconf 86' lang='lat' dir='ltr'><strong>temporis</strong></span> <span class='ocrx_word' id='word_1_247' title='bbox 1066 3821 1235 3899; x_wconf 88' lang='lat' dir='ltr'><strong>monachi</strong></span> <span class='ocrx_word' id='word_1_248' title='bbox 1270 3818 1452 3922; x_wconf 87' lang='lat' dir='ltr'><strong>quandam</strong></span> <span class='ocrx_word' id='word_1_249' title='bbox 1484 3818 1609 3893; x_wconf 85' lang='lat' dir='ltr'><strong>villam</strong></span> 
     </span>
     <span class='ocr_line' id='line_1_27' title="bbox 213 3942 1609 4049; baseline -0.003 -30"><span class='ocrx_word' id='word_1_250' title='bbox 213 3945 414 4033; x_wconf 82' lang='lat' dir='ltr'><strong>habehant,</strong></span> <span class='ocrx_word' id='word_1_251' title='bbox 433 3972 510 4019; x_wconf 89' lang='lat' dir='ltr'><strong>nou</strong></span> <span class='ocrx_word' id='word_1_252' title='bbox 528 3946 638 4049; x_wconf 78' lang='lat' dir='ltr'><strong>longe</strong></span> <span class='ocrx_word' id='word_1_253' title='bbox 654 3976 674 4021; x_wconf 89' lang='lat' dir='ltr'><strong>a</strong></span> <span class='ocrx_word' id='word_1_254' title='bbox 688 3962 805 4023; x_wconf 86' lang='lat' dir='ltr'><strong>castro</strong></span> <span class='ocrx_word' id='word_1_255' title='bbox 821 3946 921 4049; x_wconf 88' lang='lat' dir='ltr'><strong>quod</strong></span> <span class='ocrx_word' id='word_1_256' title='bbox 937 3946 1116 4021; x_wconf 86' lang='lat' dir='ltr'><strong>Provinus</strong></span> <span class='ocrx_word' id='word_1_257' title='bbox 1132 3945 1330 4035; x_wconf 81' lang='lat' dir='ltr'><strong>vocitatur,</strong></span> <span class='ocrx_word' id='word_1_258' title='bbox 1345 3958 1383 4016; x_wconf 90' lang='lat' dir='ltr'><strong>et</strong></span> <span class='ocrx_word' id='word_1_259' title='bbox 1399 3943 1472 4042; x_wconf 89' lang='lat' dir='ltr'><strong>ipsa</strong></span> <span class='ocrx_word' id='word_1_260' title='bbox 1490 3942 1609 4018; x_wconf 81' lang='lat' dir='ltr'><strong>Guuiz</strong></span> 
     </span>
     <span class='ocr_line' id='line_1_28' title="bbox 213 4062 1608 4169; baseline -0.002 -29"><span class='ocrx_word' id='word_1_261' title='bbox 213 4068 439 4157; x_wconf 71' lang='lat' dir='ltr'><strong>nominatur,</strong></span> <span class='ocrx_word' id='word_1_262' title='bbox 459 4094 570 4169; x_wconf 88' lang='lat' dir='ltr'><strong>quam</strong></span> <span class='ocrx_word' id='word_1_263' title='bbox 584 4070 725 4158; x_wconf 90' lang='lat' dir='ltr'><strong>statim,</strong></span> <span class='ocrx_word' id='word_1_264' title='bbox 744 4070 783 4141; x_wconf 91' lang='lat' dir='ltr'><strong>in</strong></span> <span class='ocrx_word' id='word_1_265' title='bbox 800 4066 951 4169; x_wconf 71' lang='lat' dir='ltr'><strong>praefata</strong></span> <span class='ocrx_word' id='word_1_266' title='bbox 965 4067 1227 4155; x_wconf 79' lang='lat' dir='ltr'><strong>conventione,</strong></span> <span class='ocrx_word' id='word_1_267' title='bbox 1247 4063 1485 4164; x_wconf 78' lang='lat' dir='ltr'><strong>Magenardus</strong></span> <span class='ocrx_word' id='word_1_268' title='bbox 1498 4062 1608 4137; x_wconf 84' lang='lat' dir='ltr'><strong>abbas</strong></span> 
     </span>
     <span class='ocr_line' id='line_1_29' title="bbox 213 4187 1609 4290; baseline -0.001 -27"><span class='ocrx_word' id='word_1_269' title='bbox 213 4215 299 4263; x_wconf 90' lang='lat' dir='ltr'><strong>cum</strong></span> <span class='ocrx_word' id='word_1_270' title='bbox 309 4189 481 4263; x_wconf 86' lang='lat' dir='ltr'><strong>omnibus</strong></span> <span class='ocrx_word' id='word_1_271' title='bbox 496 4189 673 4264; x_wconf 88' lang='lat' dir='ltr'><strong>fratribus</strong></span> <span class='ocrx_word' id='word_1_272' title='bbox 685 4193 814 4267; x_wconf 83' lang='lat' dir='ltr'><strong>comiti</strong></span> <span class='ocrx_word' id='word_1_273' title='bbox 826 4190 1023 4279; x_wconf 86' lang='lat' dir='ltr'><strong>dederunt,</strong></span> <span class='ocrx_word' id='word_1_274' title='bbox 1036 4207 1078 4263; x_wconf 90' lang='lat' dir='ltr'><strong>nt</strong></span> <span class='ocrx_word' id='word_1_275' title='bbox 1092 4206 1234 4290; x_wconf 86' lang='lat' dir='ltr'><strong>partem</strong></span> <span class='ocrx_word' id='word_1_276' title='bbox 1251 4187 1362 4288; x_wconf 90' lang='lat' dir='ltr'><strong>ipsius</strong></span> <span class='ocrx_word' id='word_1_277' title='bbox 1378 4203 1484 4261; x_wconf 82' lang='lat' dir='ltr'><strong>terrae</strong></span> <span class='ocrx_word' id='word_1_278' title='bbox 1498 4212 1609 4290; x_wconf 81' lang='lat' dir='ltr'><strong>quam</strong></span> 
     </span>
     <span class='ocr_line' id='line_1_30' title="bbox 212 4311 1608 4414; baseline 0.001 -30"><span class='ocrx_word' id='word_1_279' title='bbox 212 4339 320 4413; x_wconf 89' lang='lat' dir='ltr'><strong>supra</strong></span> <span class='ocrx_word' id='word_1_280' title='bbox 332 4311 510 4402; x_wconf 84' lang='lat' dir='ltr'><strong>diximus,</strong></span> <span class='ocrx_word' id='word_1_281' title='bbox 524 4328 609 4411; x_wconf 88' lang='lat' dir='ltr'><strong>post</strong></span> <span class='ocrx_word' id='word_1_282' title='bbox 618 4314 765 4389; x_wconf 86' lang='lat' dir='ltr'><strong>comitis</strong></span> <span class='ocrx_word' id='word_1_283' title='bbox 778 4330 950 4403; x_wconf 87' lang='lat' dir='ltr'><strong>mortem,</strong></span> <span class='ocrx_word' id='word_1_284' title='bbox 966 4311 1117 4414; x_wconf 86' lang='lat' dir='ltr'><strong>reliquae</strong></span> <span class='ocrx_word' id='word_1_285' title='bbox 1130 4329 1257 4399; x_wconf 82' lang='lat' dir='ltr'><strong>terrae,</strong></span> <span class='ocrx_word' id='word_1_286' title='bbox 1270 4336 1354 4411; x_wconf 83' lang='lat' dir='ltr'><strong>quae</strong></span> <span class='ocrx_word' id='word_1_287' title='bbox 1366 4311 1516 4409; x_wconf 89' lang='lat' dir='ltr'><strong>propria</strong></span> <span class='ocrx_word' id='word_1_288' title='bbox 1532 4326 1608 4385; x_wconf 85' lang='lat' dir='ltr'><strong>erat</strong></span> 
     </span>
     <span class='ocr_line' id='line_1_31' title="bbox 207 4432 1608 4537; baseline -0.003 -28"><span class='ocrx_word' id='word_1_289' title='bbox 207 4438 292 4533; x_wconf 88' lang='lat' dir='ltr'><strong>jure</strong></span> <span class='ocrx_word' id='word_1_290' title='bbox 306 4432 543 4525; x_wconf 85' lang='lat' dir='ltr'><strong>hereditario,</strong></span> <span class='ocrx_word' id='word_1_291' title='bbox 565 4434 792 4537; x_wconf 79' lang='lat' dir='ltr'><strong>adjunctam,</strong></span> <span class='ocrx_word' id='word_1_292' title='bbox 815 4433 1054 4537; x_wconf 88' lang='lat' dir='ltr'><strong>possiderent.</strong></span> <span class='ocrx_word' id='word_1_293' title='bbox 1070 4434 1113 4507; x_wconf 88' lang='lat' dir='ltr'><strong>ln</strong></span> <span class='ocrx_word' id='word_1_294' title='bbox 1125 4459 1221 4535; x_wconf 89' lang='lat' dir='ltr'><strong>quo,</strong></span> <span class='ocrx_word' id='word_1_295' title='bbox 1240 4458 1310 4533; x_wconf 87' lang='lat' dir='ltr'><strong>pro</strong></span> <span class='ocrx_word' id='word_1_296' title='bbox 1326 4432 1474 4507; x_wconf 80' lang='lat' dir='ltr'><strong>insertis</strong></span> <span class='ocrx_word' id='word_1_297' title='bbox 1490 4446 1608 4507; x_wconf 79' lang='lat' dir='ltr'><strong>uetera</strong></span> 
     </span>
    </p>
   </div>
   <div class='ocr_carea' id='block_1_3' title="bbox 212 4727 1607 5123">
    <p class='ocr_par' dir='ltr' id='par_1_3' title="bbox 212 4727 1607 5123">
     <span class='ocr_line' id='line_1_32' title="bbox 259 4727 1607 4821; baseline -0.003 -28"><span class='ocrx_word' id='word_1_298' title='bbox 259 4738 267 4767; x_wconf 86' lang='lat'><strong>¹</strong></span> <span class='ocrx_word' id='word_1_299' title='bbox 286 4732 477 4795; x_wconf 80' lang='lat' dir='ltr'><strong>Commissum</strong></span> <span class='ocrx_word' id='word_1_300' title='bbox 491 4736 578 4799; x_wconf 83' lang='lat' dir='ltr'><strong>estid</strong></span> <span class='ocrx_word' id='word_1_301' title='bbox 592 4734 722 4819; x_wconf 64' lang='lat' dir='ltr'><strong>puttam</strong></span> <span class='ocrx_word' id='word_1_302' title='bbox 736 4736 828 4799; x_wconf 81' lang='lat' dir='ltr'><strong>Ponte</strong></span> <span class='ocrx_word' id='word_1_303' title='bbox 844 4734 982 4821; x_wconf 73' lang='lat' dir='ltr'><strong>Levigato</strong></span> <span class='ocrx_word' id='word_1_304' title='bbox 998 4734 1171 4814; x_wconf 76' lang='lat' dir='ltr'><strong>(Pontlemv’</strong></span> <span class='ocrx_word' id='word_1_305' title='bbox 1181 4756 1218 4795; x_wconf 83' lang='lat' dir='ltr'><strong>en</strong></span> <span class='ocrx_word' id='word_1_306' title='bbox 1233 4730 1391 4811; x_wconf 71' lang='lat' dir='ltr'><strong>Toranius)</strong></span> <span class='ocrx_word' id='word_1_307' title='bbox 1408 4727 1502 4813; x_wconf 82' lang='lat' dir='ltr'><strong>pridie</strong></span> <span class='ocrx_word' id='word_1_308' title='bbox 1517 4748 1607 4789; x_wconf 78' lang='lat' dir='ltr'><strong>nom</strong></span> 
     </span>
     <span class='ocr_line' id='line_1_33' title="bbox 212 4838 473 4919; baseline 0.008 -19"><span class='ocrx_word' id='word_1_309' title='bbox 212 4839 277 4919; x_wconf 84' lang='lat' dir='ltr'><strong>julii</strong></span> <span class='ocrx_word' id='word_1_310' title='bbox 290 4841 361 4903; x_wconf 80' lang='lat' dir='ltr'><strong>anui</strong></span> <span class='ocrx_word' id='word_1_311' title='bbox 383 4838 473 4902; x_wconf 84' lang='lat'>1016.</span> 
     </span>
     <span class='ocr_line' id='line_1_34' title="bbox 258 4946 591 5031; baseline 0.009 -24"><span class='ocrx_word' id='word_1_312' title='bbox 258 4957 269 4985; x_wconf 85' lang='lat'>²</span> <span class='ocrx_word' id='word_1_313' title='bbox 287 4946 466 5031; x_wconf 76' lang='lat' dir='ltr'><strong>cognomine</strong></span> <span class='ocrx_word' id='word_1_314' title='bbox 481 4948 591 5010; x_wconf 75' lang='lat' dir='ltr'><strong>Neara.</strong></span> 
     </span>
     <span class='ocr_line' id='line_1_35' title="bbox 1411 5048 1461 5123; baseline 0 0"><span class='ocrx_word' id='word_1_315' title='bbox 1411 5048 1461 5123; x_wconf 58' lang='lat'><strong>¹13</strong></span> 
     </span>
    </p>
   </div>
   <div class='ocr_carea' id='block_1_4' title="bbox 0 0 2239 6116">
    <p class='ocr_par' dir='ltr' id='par_1_4' title="bbox 0 0 2239 6116">
     <span class='ocr_line' id='line_1_36' title="bbox 0 0 2239 6116; baseline 0 0"><span class='ocrx_word' id='word_1_316' title='bbox 0 0 2239 6116; x_wconf 95' lang='lat' dir='ltr'><strong> </strong></span> 
     </span>
    </p>
   </div>
  </div>
 </body>
</html>
