4462 6120
549 725 903 801 MONASTERlUM
930 726 968 800 S.
996 722 1139 798 PETRI
1165 718 1508 796 CARNOTENSIS.
1656 723 1726 793 123

335 868 373 940 S.
393 871 537 944 comitis
558 874 746 948 Tedbaldi.
771 876 809 948 S.
833 875 997 950 Gilduini
1013 870 1247 948 vicecomitis.
1267 871 1305 942 S.
1328 869 1495 969 lingonis
1508 867 1726 944 vicedomni.

334 990 371 1063 S.
399 993 527 1067 llervei
556 997 790 1073 vicecomitis.
817 999 849 1070 S.
867 997 989 1073 lvonis
1015 995 1150 1071 clerici.
1169 993 1208 1066 S.
1230 989 1432 1079 Fulcherii,
1457 989 1523 1064 filii
1545 988 1723 1065 Gradulli.

334 1111 371 1185 S.
391 1114 533 1207 llberti‚
554 1117 618 1191 lilii
637 1120 837 1208 Nivelonis.
856 1123 893 1194 S.
909 1118 1066 1210 Alberti,
1081 1114 1221 1190 abbatis
1233 1115 1354 1188 Sancti
1366 1114 1533 1188 Martini.
1549 1115 1586 1186 S.
1604 1111 1728 1187 Riche·

332 1237 398 1326 rii,
424 1239 564 1313 abbatis
580 1243 701 1316 Sancti
722 1244 954 1318 launomari.
974 1242 1012 1314 S.
1034 1239 1172 1341 Vigerii
1193 1238 1236 1311 de
1252 1238 1455 1312 castaneto.
1473 1237 1511 1310 S.
1526 1235 1720 1309 Willelmi.

332 1357 369 1430 S.
391 1359 551 1435 Warini.
572 1365 610 1436 S.
634 1364 801 1439 llerberti
827 1364 948 1439 clerici
970 1362 1014 1436 de
1035 1361 1170 1437 lmonis
1186 1358 1295 1434 Villa.
1315 1358 1352 1433 S.
1372 1358 1564 1432 Hermuini
1581 1357 1727 1456 majoris

332 1480 376 1554 de
392 1483 508 1559 Bosco
529 1486 663 1560 Medio.
680 1488 717 1561 S.
738 1489 900 1563 Bernerii
915 1486 1121 1588 presbiteri.
1141 1485 1179 1556 S.
1199 1481 1377 1556 Gualterii
1395 1480 1439 1554 de
1455 1480 1603 1556 Bodacis
1615 1477 1723 1552 Villa.

332 1603 369 1675 S.
391 1605 565 1697 lluberti,
585 1611 745 1712 privigni
768 1610 937 1685 Adventi.
958 1611 996 1683 S.
1015 1607 1154 1682 Giraldi
1173 1606 1265 1680 coci.
1285 1606 1324 1679 S.
1344 1603 1519 1681 Morardi.
1539 1604 1577 1676 S.
1596 1604 1726 1702 Hugo-

331 1725 396 1798 lini
415 1732 615 1804 servientis.
633 1763 651 1801 υ

795 1894 1161 1986 olrrruuuu
1197 1894 1258 1982 11.

823 2119 866 2178 De
880 2119 969 2177 altare
983 2116 1105 2196 Capellae
1119 2116 1226 2197 Regiae.

1751 2310 1812 2359 Ante
1823 2327 1844 2361 a.
1858 2311 1927 2360 tota.

385 2318 409 2364 *
422 2348 440 2386 a
454 2318 490 2390 Si
503 2333 511 2358 ¹
523 2320 667 2418 pictatis
679 2347 720 2392 ac
730 2322 921 2423 religionis
932 2338 1074 2398 constat
1086 2347 1160 2394 esse
1168 2318 1213 2391 ad
1221 2317 1377 2409 laudem,
1387 2334 1424 2392 et
1433 2317 1587 2419 gloriam
1595 2319 1728 2391 summi

335 2457 370 2511 et
384 2443 511 2514 aeterni
530 2443 642 2542 regis,
662 2444 830 2518 aecclesiis
845 2446 884 2517 in
900 2445 1042 2522 honore
1057 2461 1259 2540 martyrum
1274 2468 1337 2515 seu
1353 2441 1462 2515 etiam
1477 2440 1729 2517 confessorum

336 2564 542 2637 constitutis
559 2593 578 2638 a
596 2565 781 2657 fidelibus,
796 2566 1094 2644 honorificentias
1111 2565 1257 2640 exibere
1263 2594 1275 2656 3
1295 2579 1433 2665 quanto
1449 2565 1562 2665 magis
1579 2561 1728 2665 hisquae

332 2686 370 2756 in
396 2689 571 2762 memoria
598 2689 693 2762 illius
719 2707 804 2764 sunt
827 2689 1016 2781 stabilitae,
1043 2716 1152 2790 super
1173 2716 1283 2790 quem
1307 2686 1481 2764 catholica
1503 2686 1650 2760 lundata
1675 2702 1729 2760 est

332 2810 503 2903 aecclesia,
519 2812 575 2884 cui
591 2813 699 2885 ctiam
712 2841 731 2885 a
744 2840 902 2914 superno
915 2813 1133 2902 Conditore,
1149 2811 1347 2887 commissis
1360 2809 1542 2885 coelorum
1553 2810 1726 2903 clavibus,

331 2929 464 3030 ligandi
484 2948 591 3036 atque
611 2934 773 3010 solvendi
792 2935 1026 3035 pontificium
1045 2952 1187 3010 constat
1209 2961 1282 3009 esse
1300 2934 1487 3009 traditum.
1511 2932 1635 3023 Unde,
1658 2959 1727 3034 pro

332 3069 477 3129 aeternae
491 3056 673 3130 felicitatis
684 3056 940 3157 adquisitione,
954 3086 1063 3161 quam
1076 3058 1189 3158 ipsius
1202 3058 1469 3131 interventione
1480 3057 1728 3156 apostolorum

328 3179 503 3277 principis
515 3195 603 3279 aput
612 3180 815 3254 animarum
825 3179 1060 3257 liberatorem
1072 3206 1255 3281 speramus
1269 3179 1409 3252 facilius
1420 3179 1588 3278 adipisci,
1601 3180 1723 3270 altare,

331 3298 429 3400 quod
443 3303 552 3374 situm
566 3318 620 3375 est
633 3304 671 3376 in
690 3304 845 3378 aecclesia
864 3331 947 3406 quae
967 3305 1106 3405 Capella
1127 3304 1235 3404 Regia
1250 3319 1419 3392 vocatur,
1442 3299 1622 3377 concedo²
1644 3301 1727 3374 Car·

330 3424 472 3497 rotensi
491 3425 658 3498 aecclesiae
682 3427 721 3498 in
742 3424 883 3525 praefati
905 3425 1059 3526 apostoli
1083 3426 1257 3500 memoria
1276 3425 1505 3512 constitutae,
1525 3423 1568 3496 ad
1584 3423 1726 3522 stipen-

327 3544 382 3617 dia
397 3547 662 3622 monachorum
675 3547 765 3621 inibi
780 3552 856 3624 Deo
870 3551 1110 3623 militantium
1116 3579 1126 3638 3
1145 3574 1183 3622 ea
1197 3547 1409 3622 conditione
1423 3561 1477 3635 ut,
1493 3544 1538 3618 ab
1551 3544 1724 3620 hodierna

327 3668 384 3741 die
400 3686 437 3742 et
455 3695 519 3769 per
537 3671 763 3745 succedentia
776 3687 959 3774 tempora,
974 3671 1019 3745 ab
1032 3673 1134 3749 omni
1150 3671 1362 3747 conditione
1378 3686 1414 3744 et
1429 3669 1718 3768 comparatione,
1838 3751 1843 3762 ¹

327 3817 345 3860 a
372 3790 523 3866 sinodali
545 3791 701 3882 circada,
727 3792 772 3865 ab
793 3796 894 3867 omni
917 3793 1042 3868 debito
1063 3794 1120 3867 vel
1142 3810 1281 3893 parata,
1308 3792 1471 3868 absoluta
1490 3806 1719 3891 permaneat,

331 3914 378 3984 ita
392 3929 434 3985 ut
451 3940 637 4014 nonquam
652 3940 718 3990 nos
727 3969 738 4004 ,
758 3942 877 4018 neque
892 3944 1111 3994 successores
1128 3917 1262 4006 nostri,
1283 3915 1329 3990 ab
1345 3917 1419 4016 ipsa
1438 3914 1581 4014 Capella
1597 3913 1721 4015 Regali

327 4034 459 4108 horum
488 4035 623 4137 aliquid
648 4064 822 4140 umquam
843 4042 1028 4143 requirere
1048 4040 1106 4114 vel
1129 4041 1291 4141 recipere
1318 4038 1377 4112 vel
1397 4053 1561 4138 repetere
1585 4062 1724 4137 praesu-

328 4172 414 4229 mat.
439 4161 487 4230 Et
506 4174 550 4229 ut
573 4174 708 4235 nostrae
731 4159 956 4236 liberalitatis
982 4162 1231 4235 munificentia
1257 4160 1429 4237 omnibus
1446 4176 1576 4233 sanctae
1594 4160 1722 4235 matris

326 4278 494 4352 aecclesiae
509 4278 673 4353 fidelibus
690 4300 780 4357 esset
797 4298 883 4357 nota
892 4337 903 4372 ,
918 4311 1061 4358 summo
1079 4282 1201 4357 studio
1223 4298 1259 4357 et
1273 4281 1459 4382 diligentia
1477 4283 1615 4356 exarari
1631 4309 1725 4383 pra-

326 4403 498 4500 cipimus;
518 4405 689 4503 quatinus
704 4407 805 4508 quod
820 4434 932 4481 manu
948 4408 1114 4508 propria,
1132 4408 1237 4507 signo
1255 4406 1372 4478 crucis
1393 4405 1576 4505 inpresso,
1595 4407 1718 4479 statui·

324 4549 404 4597 mus
421 4551 494 4600 esse
506 4543 641 4616 ratum,
656 4555 722 4628 per
735 4530 915 4603 curricula
928 4527 1198 4603 succedentium
1212 4546 1421 4628 temporum
1435 4543 1578 4600 maneat
1592 4529 1721 4624 incon·

324 4647 479 4722 vulsum.
507 4651 558 4722 Et
582 4651 610 4722 si
634 4657 716 4753 quis
736 4650 842 4753 hujus
863 4652 1070 4728 elemosine
1097 4650 1374 4753 porciunculam
1396 4649 1625 4750 temptaverit
1647 4674 1720 4726 esse

368 4855 375 4879 ¹
393 4843 510 4926 Vulgat.
529 4847 558 4904 in
577 4846 660 4906 Gall.
683 4847 801 4921 Christ,
817 4863 839 4910 t.
855 4847 947 4947 lllll,
964 4850 1058 4923 iustu,
1073 4848 1131 4908 col.
1150 4847 1220 4932 298.

364 4960 375 4986 ²
391 4952 413 5011 B
431 4976 438 5008 =
455 4955 518 5033 Ego
536 4953 724 5016 llaeodericus
734 4958 839 5040 presul
851 4955 1022 5016 concedo...
