4462 6120
422 702 470 771 6l
942 700 1295 776 MONASTERIUM

417 848 534 923 banda
549 848 715 936 devotio,
742 860 871 947 utpote
893 846 960 921 lilii
978 847 1137 921 ecclesiae
1157 848 1283 922 multis
1302 850 1527 949 praediorum
1550 872 1700 925 suorum
1718 844 1817 921 redi-

421 972 517 1045 tibus
539 969 689 1047 eandem
710 969 928 1044 dotaverunt
951 970 1154 1062 ecclesiam,
1184 987 1220 1045 et
1245 973 1361 1045 multa
1376 974 1408 1047 ei
1429 971 1686 1059 contulerunt,
1707 969 1818 1043 variis

420 1092 690 1169 necessitatibus
717 1092 926 1193 profutura,
956 1089 1087 1194 quibus
1111 1119 1177 1193 per
1200 1092 1446 1194 quadrifidum
1470 1094 1663 1168 decoratur
1689 1090 1818 1166 orbem

419 1235 456 1289 et:
470 1242 594 1291 rerum
605 1216 792 1317 opulentia
803 1213 994 1305 dilatatur,
1020 1215 1150 1316 gaudet
1178 1234 1214 1289 et
1242 1217 1393 1290 exultat.
1420 1218 1562 1291 Horum
1578 1242 1646 1315 ego
1663 1213 1819 1315 ledgar-

418 1338 492 1411 dis¹
517 1339 678 1439 exempla
697 1354 837 1430 secuta,
863 1340 1040 1412 instinctu
1060 1338 1186 1414 divino
1210 1342 1428 1431 ammonita,
1447 1339 1622 1441 proposui
1641 1340 1680 1411 in
1698 1338 1817 1413 cordis

417 1463 488 1537 mei
504 1464 716 1549 secretario,
735 1464 905 1562 quatinus
921 1460 967 1535 de
987 1461 1211 1562 praediorum
1234 1488 1402 1540 meorum
1413 1459 1698 1565 possessionibus
1715 1458 1818 1535 here-

415 1584 585 1659 ditariam
606 1584 766 1657 facerem
789 1601 950 1657 sanctam
971 1584 1036 1659 Dei
1061 1584 1259 1659 ecclesiam.
1279 1584 1437 1677 Verum,
1461 1586 1546 1687 quia
1571 1581 1678 1659 beato
1703 1584 1816 1659 Petro

417 1708 582 1808 apostolo
606 1708 807 1808 specialiter
825 1707 953 1783 collata
969 1724 1023 1780 est
1041 1722 1198 1808 potestas
1220 1707 1383 1783 solvendi
1406 1724 1514 1810 atque
1535 1705 1669 1808 ligandi
1693 1732 1714 1779 a
1736 1706 1817 1783 Do-

417 1830 849 1931 mino,ntquodcumque
862 1829 1011 1901 solverit
1023 1845 1059 1901 et
1072 1827 1239 1928 ligaverit
1252 1830 1291 1901 in
1306 1834 1426 1916 terris,
1439 1830 1601 1903 solutum
1613 1844 1651 1901 et
1663 1829 1816 1928 ligatum

417 1956 464 2025 sit
478 1954 602 2026 statim
620 1952 659 2025 in
680 1953 802 2040 coelis,
826 1949 969 2023 nullum
990 1952 1117 2023 melius
1133 1952 1256 2025 censui
1273 1949 1385 2024 michi
1410 1951 1674 2027 consulendum
1689 1967 1727 2025 et
1745 1978 1816 2053 pro

416 2076 570 2173 peccatis
579 2074 681 2162 meis,
691 2089 779 2173 aput
790 2099 873 2146 eum
887 2098 997 2175 quem
1012 2089 1114 2148 tanto
1126 2072 1254 2147 dilexit
1263 2098 1400 2163 amore,
1410 2072 1695 2149 misericorditer
1705 2075 1817 2148 inter·

417 2195 629 2271 cedendum.
652 2196 750 2297 Ergo
775 2212 851 2268 tam
871 2222 941 2294 pro
957 2196 1046 2269 meis
1063 2192 1278 2267 criminibus
1295 2197 1439 2270 veniam
1456 2195 1692 2296 impetrandis
1706 2223 1815 2298 quam

416 2346 485 2421 pro
498 2319 714 2396 nobilissimi
732 2318 886 2392 senioris
902 2319 971 2391 mei
988 2334 1097 2419 atque
1110 2317 1259 2418 gloriosi
1278 2319 1421 2394 comitis
1435 2318 1628 2409 Tedbaldi,
1648 2337 1690 2393 ut
1707 2322 1814 2393 utris-

416 2470 488 2544 que
508 2441 686 2516 Dominus
710 2442 896 2541 indulgere
916 2439 1088 2542 dignetur
1109 2442 1276 2516 omnium
1292 2460 1526 2542 peccatorum
1542 2443 1813 2533 remissionem,

414 2564 727 2641 consentientibus
750 2566 853 2639 omni
872 2561 1013 2639 honore
1033 2562 1270 2665 dignissimis,
1294 2563 1549 2665 archipraesule
1574 2566 1711 2640 scilicet
1736 2568 1817 2640 Hu-

414 2716 511 2791 gone
519 2706 557 2763 et
569 2688 870 2763 excellentissimo
881 2689 1015 2763 comite
1026 2685 1167 2776 Odone,
1182 2686 1266 2760 filiis
1280 2689 1381 2777 meis,
1398 2688 1485 2765 cedo
1498 2689 1542 2761 ad
1554 2689 1677 2763 locum
1690 2690 1813 2763 Sancti

413 2814 511 2887 Petri
528 2812 759 2887 Garnotensis
783 2810 981 2883 aecclesiam
1001 2812 1040 2883 in
1061 2808 1203 2887 bonore
1225 2812 1476 2911 apostolorum
1498 2813 1673 2912 principis
1700 2812 1815 2887 clavi-

414 2936 564 3037 gerique
577 2934 682 3035 regni
697 2932 890 3021 coelorum,
902 2934 1016 3025 Petri,
1031 2950 1289 3025 consecratam,
1306 2935 1345 3007 in
1362 2935 1445 3010 loco
1460 2936 1523 3037 qui
1541 2934 1678 3009 dicitur
1689 2936 1815 3037 rudga-

414 3059 507 3135 riter
520 3056 641 3144 Gizei,
663 3082 748 3131 cum
764 3056 848 3129 villa
869 3056 997 3132 eodem
1017 3057 1196 3133 vocabulo
1212 3056 1309 3131 dicta
1328 3058 1449 3147 Gizei,
1476 3085 1559 3132 curn
1576 3061 1709 3131 mansis
1730 3086 1790 3133 rvr
1799 3114 1811 3149 ,

289 3232 295 3241 ·
415 3206 501 3255 cum
517 3180 623 3255 terris
638 3180 746 3254 cultis
757 3196 794 3255 et
807 3180 975 3267 incultis,
995 3178 1184 3280 hospiciis,
1203 3182 1338 3281 pratis,
1353 3182 1488 3270 vineis,
1507 3182 1611 3283 aquis
1623 3208 1815 3283 aquarum·

413 3330 485 3405 que
500 3301 729 3392 decursibus;
755 3304 794 3375 in
814 3303 886 3377 alio
902 3329 1049 3405 quoque
1065 3303 1147 3378 loco
1167 3304 1351 3403 quandam
1366 3320 1605 3406 potestatem,
1633 3303 1812 3381 vocabulo

414 3424 685 3516 Fontenedum,
704 3450 790 3500 cum
804 3426 951 3499 ecclesia
970 3426 1008 3497 in
1021 3425 1145 3499 eadem
1158 3440 1334 3527 potestate
1346 3429 1484 3527 posita,
1512 3454 1597 3501 cum
1614 3427 1813 3529 masingilis

414 3564 452 3623 et
473 3549 609 3639 visseis,
633 3565 773 3623 etcum
788 3551 891 3624 omni
914 3550 1123 3649 integritate
1143 3547 1188 3621 ad
1212 3551 1329 3650 ipsum
1353 3552 1578 3651 pertinentes
1603 3568 1641 3626 et
1664 3552 1753 3625 item
1774 3552 1813 3624 in

415 3671 487 3745 alio
502 3672 603 3761 loeo,
623 3672 663 3745 in
679 3670 764 3745 ailla
779 3698 881 3774 quae,
902 3671 1026 3773 lingua
1040 3673 1194 3761 rustica,
1213 3676 1426 3747 nominatur
1442 3676 1594 3763 Limais,
1620 3688 1814 3775 quantum·

415 3818 571 3893 eumque
592 3792 636 3866 ad
658 3819 717 3867 me
738 3793 883 3867 videtur
904 3796 1101 3895 pertinere.
1123 3798 1219 3869 Sunt
1238 3812 1359 3871 autem
1384 3796 1547 3897 praefatae
1571 3824 1629 3871 res
1654 3798 1694 3871 in
1718 3824 1813 3899 pago

413 3914 606 3989 Velcasino
621 3940 730 4019 super
745 3916 900 3989 fluvium
917 3919 1107 4021 Sequanae.
1126 3920 1212 3991 Haec
1231 3921 1372 4010 omnia,
1398 3937 1441 3993 ut
1462 3923 1718 4022 praescriptum
1738 3939 1811 4011 est,

417 4036 519 4114 trado
544 4053 582 4111 et
609 4036 785 4112 traditum
810 4065 882 4113 esse
906 4040 992 4116 volo
1017 4042 1056 4115 in
1080 4059 1271 4143 perpetuas
1294 4045 1528 4121 aeternitates.
1556 4046 1592 4118 Si
1617 4046 1699 4145 quis
1724 4070 1813 4121 vero

414 4178 542 4235 eontra
557 4160 649 4235 hanc
661 4160 899 4240 donationem
912 4178 1075 4239 nostrum
1089 4166 1105 4265 (
1114 4164 1215 4266 quod
1228 4165 1342 4268 absit)
1359 4170 1485 4244 venire
1499 4186 1563 4242 aut
1581 4195 1658 4243 eam
1676 4166 1813 4243 infrin-

456 4422 464 4447 ¹
483 4410 646 4483 Heirberti,
673 4413 783 4471 comitis
809 4412 983 4487 Tricassini,
1008 4412 1091 4485 lilia,
1125 4426 1207 4483 runt,
1224 4412 1306 4475 facila
1322 4418 1445 4497 primurn
1457 4416 1552 4477 locum
1571 4416 1681 4476 obtinet
1693 4416 1752 4475 haec
1765 4436 1813 4475 co-

412 4510 513 4587 prinn's
532 4509 642 4591 nuptiis
668 4506 857 4569 Guillclmum
882 4510 979 4591 Longa
1006 4512 1091 4592 Spata
1127 4515 1247 4571 mitissa.
1749 4584 1752 4589 Ι

412 4602 734 4679 dicaam,Normannioe
744 4604 864 4679 durem,
881 4605 1092 4665 secundisvero
1169 4621 1179 4646 ²
1203 4610 1399 4691 Iliasingelam
1424 4612 1500 4672 idem
1525 4611 1638 4671 videtur
1664 4632 1699 4671 ee
1722 4610 1812 4671 Mas-

412 4701 593 4765 Tedbaldum
602 4704 630 4763 le
639 4700 784 4775 Th'elrcur,
793 4707 926 4763 comitem
939 4705 1095 4765 Carnoten·
1126 4706 1273 4787 goellum,
1290 4706 1326 4765 de
1339 4728 1397 4787 quo
1409 4706 1475 4767 vide
1487 4708 1532 4767 Du
1544 4706 1656 4791 Gange,
1671 4704 1808 4767 Glossar.

412 4820 490 4871 sena,
505 4800 623 4861 maritos
641 4798 754 4861 babuit.
772 4802 855 4861 Inter
873 4803 1018 4883 principes
1043 4804 1093 4882 qui
1128 4803 1158 4860 in
1170 4824 1251 4861 voce.

413 4898 518 4974 pietate
536 4898 738 4956 monasterium
759 4898 961 4977 Sanpetrinum
980 4897 1094 4959 ditare-
