4462 6120
540 757 580 833 s.
602 757 744 834 rnrm
769 755 1104 832 canuormsn.
1248 696 1253 705 ’
1444 755 1513 826 an

557 1014 927 1106 CAPITULUM
962 1014 1092 1104 XVI.

532 1236 657 1297 Donatio
681 1238 792 1297 vicariae
818 1236 855 1297 de
876 1236 990 1295 Domna
1011 1234 1116 1295 Maria.

182 1473 199 1511 «
215 1439 299 1515 Non
308 1440 433 1514 ‘solum
444 1465 548 1514 norae
563 1438 652 1541 legis
666 1437 726 1512 sed
744 1440 852 1513 etiam
866 1438 997 1513 veteris
1015 1436 1230 1511 instruimur
1246 1437 1402 1538 paginis,
1421 1438 1521 1539 quia,
1547 1447 1605 1494 ann
1617 1463 1638 1493 ³·
1655 1445 1723 1501 ¹¹02·

130 1561 201 1636 lide
214 1562 270 1636 vel
283 1563 415 1637 merito
428 1561 629 1652 bonorum,
647 1559 898 1661 p'eccatoribus
915 1561 1018 1634 venia
1033 1576 1213 1659 prestatur
1231 1583 1381 1634 suorum
1399 1583 1520 1660 pecca·

131 1685 293 1773 minum,
312 1684 454 1757 dicente
473 1681 632 1757 deino
649 1681 693 1753 ad
709 1679 891 1753 Abraham
908 1712 916 1752 :
934 1681 978 1752 Si
993 1681 1119 1753 decem
1133 1677 1364 1780 bonisuerint
1376 1683 1521 1771 inventi,

131 1808 242 1879 ceteri
248 1805 488 1879 salvabuntur
490 1805 750 1906 propteripsos
759 1812 783 1875 ¹.
796 1802 870 1875 Hac
878 1797 1117 1876 adtestatione
1126 1801 1170 1874 de
1178 1805 1289 1876 veteri
1301 1804 1379 1903 lege
1387 1802 1521 1894 habita,

130 1927 175 2002 de
196 1926 399 2027 evangelica
420 1925 497 2026 lege
517 1951 697 1996 sumamus
716 1924 928 2013 secundam,
952 1922 1016 1996 ubi
1039 1924 1129 1996 dicit
1146 1925 1359 2024 evangelista
1375 1925 1419 1999 de
1436 1926 1527 1998 sub-

131 2052 240 2123 misso
256 2047 443 2147 paralitico
461 2047 499 2119 in
514 2045 625 2120 domo
643 2072 707 2146 per
724 2045 859 2146 tegulas
872 2061 955 2118 ante
968 2043 1114 2118 Jbesum
1124 2074 1135 2133 ;
1154 2045 1204 2116 ait
1220 2046 1316 2118 enim
1333 2076 1342 2117 z
1361 2046 1532 2146 Quorum.

120 2174 239 2274 fidem
253 2171 408 2260 uividit,
423 2173 479 2243 ait
490 2170 689 2270 paralitico
706 2197 715 2240 :
731 2169 824 2259 Fili,
842 2169 1074 2240 dimittuntur
1082 2167 1150 2239 tibi
1153 2185 1312 2270 peccata
1328 2185 1404 2240 tua.
1422 2170 1527 2242 Tolle

134 2294 262 2368 lectum
283 2310 383 2365 tuum
399 2309 433 2366 et
451 2290 603 2364 ambula
621 2293 660 2363 in
670 2304 804 2392 pace¹.
828 2291 892 2361 His
915 2304 951 2363 et
971 2288 1048 2361 aliis
1067 2287 1293 2363 multimodis
1316 2287 1528 2366 adtestatio-

133 2415 241 2489 nibus
257 2414 452 2502 subnixus,
476 2440 543 2514 ego
561 2413 708 2512 quidem
724 2412 905 2485 Ansoldus
921 2412 1042 2500 miles,
1062 2437 1146 2484 cum
1169 2437 1283 2485 uxore
1310 2438 1388 2486 mea
1416 2414 1529 2485 caris-

133 2541 241 2631 sima,
265 2539 415 2614 nominc
435 2534 659 2636 llildegardi‚
683 2560 828 2611 necnon
854 2551 889 2608 et
910 2535 1011 2611 omni
1033 2534 1139 2635 prole
1160 2550 1303 2623 nostra,
1326 2550 1363 2609 et
1386 2560 1528 2607 assensu

133 2659 258 2736 domni
272 2659 342 2732 mei
357 2657 552 2748 Gunherii,
564 2656 651 2729 dans
665 2654 824 2730 concedo
839 2656 1112 2756 concedensque
1124 2655 1223 2729 dono
1238 2657 1406 2728 sicariam
1421 2673 1528 2757 atque

133 2781 345 2854 banneriam
351 2809 362 2869 3
377 2781 433 2854 vel
447 2782 474 2853 si
490 2796 542 2853 est
556 2780 622 2852 alia
639 2781 757 2881 aliqua
773 2779 926 2869 exacti0,
942 2807 1052 2881 quam
1065 2806 1108 2854 ex
1122 2778 1300 2854 beneficio
1312 2780 1439 2856 domni
1456 2783 1528 2854 mei

134 2900 326 3003 supradicti
345 2917 490 2974 actenus
508 2902 603 2972 risus
621 2927 701 2972 sum
721 2916 862 2989 tenere,
888 2904 926 2972 in
948 2918 1042 2974 terra
1065 2904 1178 2974 sancti
1198 2903 1297 2976 Petri
1314 2929 1398 3002 quae
1418 2904 1528 2976 estin

98 3047 106 3111 ζ
134 3027 278 3100 Domna
296 3023 427 3115 Maria,
446 3049 513 3123 pro
532 3023 693 3097 remedio
710 3022 845 3097 scilicet
866 3022 996 3094 animae
1013 3022 1079 3094 filii
1100 3025 1171 3096 mei
1188 3024 1403 3116 VVillelmi,
1422 3023 1529 3126 gladii

134 3163 254 3226 morte
270 3146 454 3247 preventi,
479 3145 685 3220 beatissimo
701 3146 830 3235 Petro,
855 3145 1103 3244 apostolorum
1127 3145 1306 3245 principi,
1330 3146 1430 3220 dono
1447 3151 1529 3246 jure

134 3284 311 3370 perpetuo
325 3285 361 3342 ct
374 3265 559 3340 monacbis
575 3268 613 3339 in
625 3266 798 3342 coenobio
812 3267 969 3367 ejusdem
983 3284 1092 3342 nocte
1106 3267 1235 3367 dieque
1248 3267 1526 3359 famulantibus,

134 3390 234 3492 quod
250 3392 360 3465 situm
377 3406 430 3464 est
449 3417 524 3465 non
547 3389 655 3491 longe
675 3417 694 3462 a
711 3389 897 3464 moenibus
915 3390 1112 3462 Carnotine
1129 3387 1249 3478 urhis,
1272 3404 1330 3479 ut,
1349 3393 1530 3466 orationi-

135 3513 203 3586 bus
221 3540 348 3587 eorum
364 3512 550 3586 absolutus
566 3514 611 3586 ab
630 3515 730 3587 omni
746 3514 892 3589 vinculo
908 3512 1144 3601 delictorum,
1165 3514 1204 3585 in
1219 3513 1364 3588 dextera
1381 3515 1529 3590 Domini
1558 3565 1563 3571 -

136 3636 346 3728 collocatus,
362 3637 458 3709 inter
473 3652 614 3710 sanctos
625 3655 661 3710 et
672 3638 803 3713 electos
814 3664 899 3711 suos
913 3639 951 3710 in
966 3637 1242 3711 resurrectionis
1253 3636 1369 3736 gloria
1382 3642 1531 3712 resusci-

136 3775 229 3833 tatus
238 3761 403 3860 respiret.
416 3759 562 3832 Donum
572 3774 692 3831 autem
704 3760 809 3856 hujus
820 3776 955 3831 nostrae
967 3758 1169 3858 largitionis
1179 3760 1227 3831 lll
1239 3757 1412 3833 iduslulii
1424 3788 1531 3862 super

135 3883 245 3957 altare
260 3881 356 3955 beati
373 3881 469 3954 Petri
491 3907 556 3979 per
574 3879 667 3953 hanc
687 3897 822 3953 cartam
840 3905 976 3979 ponere
996 3880 1209 3970 maluimus,
1232 3881 1471 3982 imprecantes
1489 3903 1531 3959 ut

136 4006 163 4076 si
181 4007 262 4106 quis
279 4029 451 4104 umquam
470 4001 553 4075 huic
572 4003 708 4076 cartule
726 4005 908 4077 contraire
924 4003 1101 4093 voluerit,
1123 4005 1190 4076 nisi
1211 4005 1285 4079 cito
1301 4003 1344 4076 ad
1362 4006 1531 4109 emenda-

137 4126 246 4199 tionis
265 4123 465 4224 remedium
483 4124 709 4225 confugerit,
731 4150 814 4197 cum
829 4122 919 4197 Juda
938 4126 1124 4224 proditore
1141 4127 1181 4198 in
1200 4126 1387 4200 infernum
1405 4130 1531 4203 truda-

137 4263 211 4335 tur,
227 4245 370 4348 ignibus
384 4245 501 4319 hetnae
516 4246 741 4321 cremandus.
762 4249 862 4321 Hanc
877 4264 997 4321 autem
1015 4265 1150 4321 cartam
1160 4266 1206 4322 ut
1222 4250 1432 4326 inconvulsa
1442 4274 1531 4353 ¹per-

137 4385 294 4459 maneat,
314 4370 483 4469 praesenti
502 4371 622 4445 seculo
636 4386 890 4471 permanente,
909 4369 1076 4444 manibus
1092 4373 1250 4472 propriis
1265 4388 1302 4447 et
1318 4374 1531 4449 nominibus

138 4510 356 4567 caeterorum
386 4490 742 4565 circumadstantium
772 4489 1002 4567 corroborari
1033 4492 1228 4568 voluimus.
1262 4496 1410 4570 Ansoldi
1423 4552 1435 4588 ,
1465 4500 1529 4599 qni

138 4616 231 4689 hanc
243 4613 478 4690 donationem
494 4613 593 4688 fecit.
611 4613 787 4687 Rainaldi.
806 4613 1009 4689 Gauscelini
1026 4632 1063 4690 et
1079 4615 1241 4707 Arnulfi,
1261 4617 1423 4693 filiorum
1440 4614 1527 4718 ejus.

137 4736 333 4826 Gualterii',
352 4734 520 4808 avunculi
535 4761 676 4813 eorum.
696 4735 897 4828 Gausfridi,
915 4738 1034 4838 patrui
1053 4763 1193 4812 eorum.
1212 4738 1368 4814 llilberti
1377 4795 1390 4834 ,
1408 4741 1528 4816 clerici

181 4944 189 4970 ¹
205 4932 274 4993 Vid.
293 4932 397 4993 Genea.
415 4952 510 5008 xvru,
527 4933 577 4993 32.
896 4945 906 4970 ²
922 4934 993 4996 bue.
1010 4957 1042 5008 v,
1060 4956 1098 4994 20
1113 4949 1142 4995 et
1158 4932 1208 5013 ad.

1337 5034 1382 5115 3'i
