4462 6120
367 672 370 686 '
436 690 507 762 roa
954 693 1302 771 nontsrunmn

900 951 1251 1096 carITULUM
1283 954 1369 1041 111.

683 1176 727 1240 De
740 1181 824 1242 rebus
842 1202 914 1262 quas
929 1180 1010 1240 dedit
1025 1178 1171 1239 Arelastus
1188 1178 1347 1239 monachus
1361 1177 1465 1239 Sancto
1481 1176 1576 1236 Petro.

230 1406 322 1452 ΛΜ·
339 1406 408 1454 ¹⁰²⁸·
487 1438 504 1475 a
522 1408 562 1481 ln
574 1407 723 1483 nomine
738 1406 900 1481 Domini.
918 1405 1194 1508 EgoArefastus
1205 1424 1336 1481 notum
1349 1433 1423 1480 esse
1436 1407 1520 1481 volo
1533 1402 1706 1480 omnibus
1719 1399 1831 1475 chris·

436 1529 561 1618 tianis,
578 1531 661 1631 quia
676 1557 732 1603 res
747 1528 953 1604 hereditatis
966 1557 1058 1602 meae
1075 1532 1209 1604 Sancto
1222 1531 1331 1604 Petro
1345 1527 1505 1602 concedo
1522 1526 1737 1601 Carnotensi
1753 1547 1833 1599 οω-

437 1650 550 1726 nobio
558 1706 569 1740 ,
587 1679 655 1751 pro
668 1652 781 1725 salute
793 1677 872 1726 mea
885 1667 922 1724 et
938 1668 1206 1726 antecessorum
1222 1675 1391 1726 meorum
1405 1676 1563 1724 necnon
1581 1664 1618 1722 et
1634 1674 1702 1748 pro
1720 1647 1833 1721 salute

438 1772 580 1847 comitis
597 1771 785 1846 Richardi'
807 1788 843 1845 et
857 1773 983 1845 matris
1007 1799 1079 1844 suae
1101 1771 1346 1860 Gonnoridis‚
1374 1788 1410 1847 et
1433 1770 1596 1847 liliorum
1620 1772 1829 1873 utriusque,

436 1920 596 1996 quorum
613 1894 766 1970 consilio
783 1909 820 1967 et
834 1892 958 1969 favore
976 1893 1012 1965 id
1029 1894 1136 1968 facio.
1156 1894 1250 1967 Sunt
1265 1909 1385 1967 autem
1404 1893 1478 1994 ipse
1495 1920 1551 1967 res
1569 1895 1608 1966 in
1624 1918 1717 1992 pago
1731 1892 1834 1968 Con-

436 2018 668 2107 stantinensi,
689 2017 889 2116 provinciae
905 2017 1160 2107 Normanniae,
1179 2042 1245 2117 per
1262 2017 1340 2092 loca
1353 2014 1494 2106 divisae,
1515 2041 1670 2117 quarum
1686 2014 1834 2088 nomina

437 2138 636 2240 subscripta
654 2138 838 2214 videntur.
858 2141 900 2212 ln
917 2140 1001 2213 villa
1021 2141 1158 2215 scilicet
1177 2167 1261 2242 quae
1280 2154 1432 2212 vocatur
1450 2140 1578 2227 llams,
1597 2153 1734 2210 sextam
1750 2161 1835 2237 par·

439 2277 512 2335 tem
531 2259 576 2335 de
597 2261 769 2337 omnibus
786 2261 964 2337 reditibus
981 2291 1064 2366 quae
1081 2262 1125 2337 de
1150 2264 1208 2336 illa
1227 2278 1382 2351 exeunt,
1402 2258 1569 2370 uidelicet
1584 2259 1629 2334 de
1646 2258 1832 2346 aecclesiis,

438 2400 474 2456 et
490 2383 535 2457 de
551 2383 638 2457 silva
646 2439 657 2474 ,
677 2402 713 2459 et
729 2384 773 2460 de
787 2387 915 2488 plano,
938 2405 974 2461 et
991 2386 1035 2459 de
1052 2387 1227 2476 marisco,
1244 2400 1399 2486 excepto
1416 2382 1629 2460 molendino
1644 2400 1680 2456 et
1693 2380 1835 2457 exclusa

438 2532 547 2605 quam
563 2505 650 2579 lecit
666 2507 846 2608 Rogerius
864 2507 957 2582 fieri.
977 2499 1039 2583 Set
1056 2526 1177 2582 tamen
1197 2509 1235 2581 in
1252 2505 1465 2583 molendino
1484 2506 1562 2596 illo,
1580 2534 1651 2608 qua
1668 2505 1756 2580 hora
1774 2532 1837 2581 vo-

325 2696 331 2701 .
438 2625 726 2728 luerintfratres‚
739 2628 872 2731 quibus
884 2631 962 2703 haec
971 2629 1146 2719 concedo,
1158 2629 1295 2704 molere
1305 2646 1497 2729 poterunt,
1510 2628 1642 2731 absque
1653 2642 1834 2727 respectu,

439 2751 465 2820 si
491 2748 672 2824 dominica
694 2778 839 2825 annona
863 2753 958 2826 illius
983 2755 1129 2827 inventa
1155 2778 1232 2827 non
1250 2738 1363 2826 suerit
1385 2757 1486 2852 quus
1507 2768 1560 2843 est
1581 2746 1834 2838 molendinus,

441 2872 584 2944 nullum
600 2871 682 2946 inde
696 2872 986 2949 emolumentum
997 2873 1200 2949 reddentes.
1217 2873 1385 2949 Concedo
1399 2875 1509 2946 etiam
1524 2874 1562 2945 in
1575 2899 1666 2973 aqua
1679 2871 1838 2972 ejusdem

441 2993 555 3082 villae,
587 2996 645 3067 eui
668 3021 803 3071 nomen
827 3014 881 3072 est
903 2997 1014 3071 Uldra
1028 3013 1061 3091 ⁸,
1086 2997 1173 3071 duas
1196 2981 1380 3098 piscariam
1398 3010 1440 3097 et
1460 2996 1496 3067 in
1518 2994 1641 3068 eadem
1658 2993 1741 3088 villa
1759 3020 1838 3069 ma-

442 3130 568 3189 nentes
595 3133 666 3190 tres
689 3116 823 3191 milites
849 3117 1008 3192 concedo
1040 3145 1124 3225 cum
1143 3118 1328 3193 benefieiis
1352 3119 1448 3205 suis,
1477 3118 1541 3218 qui
1566 3119 1616 3189 sic
1639 3131 1836 3206 vocantur,

440 3236 547 3312 Rollo
569 3253 604 3310 et
627 3237 776 3340 Angoht
799 3255 836 3312 et
859 3238 1045 3329 Unbeina,
1069 3220 1218 3313 ul'inde
1236 3241 1443 3341 persolvant
1460 3238 1618 3311 liberum
1636 3239 1836 3313 servitium.

441 3357 610 3435 Concedo
630 3361 740 3433 etiam
759 3360 804 3434 de
826 3363 952 3461 Torgis
977 3362 1071 3437 Villa
1096 3363 1245 3435 terciam
1268 3379 1430 3462 partem,
1455 3358 1659 3461 hospitibus
1682 3362 1839 3461 exeeptis

442 3479 603 3572 duobus,
618 3481 760 3556 Suedan
776 3499 813 3569 et
826 3481 1011 3557 Anschetil
1028 3485 1154 3583 nigro,
1176 3511 1259 3555 eum
1277 3483 1424 3558 illorum
1438 3481 1577 3557 duabus
1591 3483 1731 3573 salinis,
1746 3508 1840 3586 quos

444 3630 524 3678 meo
541 3606 667 3705 nepoti
684 3605 858 3681 Bosolino
880 3607 1039 3681 concessi
1062 3622 1103 3679 ut
1129 3605 1173 3679 de
1195 3604 1265 3680 hoc
1288 3605 1469 3706 persolvat
1485 3603 1633 3679 liberale
1651 3605 1839 3679 servitium

444 3727 577 3802 Sancto
602 3730 724 3803 Petro.
752 3727 966 3803 Ceterorum
987 3727 1173 3830 hospitum
1190 3728 1332 3817 salinae,
1358 3753 1443 3800 cum
1466 3727 1617 3799 masuris
1634 3728 1725 3817 suis,
1753 3752 1841 3828 quas

446 3847 581 3922 habent
598 3849 636 3920 in
657 3848 717 3922 illa
736 3851 846 3923 tercia
860 3868 963 3952 parte
977 3850 1021 3924 de
1037 3851 1167 3950 'lorgis
1183 3849 1299 3939 Villa,
1311 3849 1437 3945 'Sancti
1454 3849 1551 3922 Petri
1564 3849 1651 3922 sint.
1669 3852 1717 3923 Et
1730 3874 1842 3925 unam

446 3970 675 4069 piscatoriam
693 3972 732 4044 in
750 3972 840 4044 mari
861 3973 995 4046 Sancto
1013 3975 1123 4047 Petro
1144 3969 1327 4063 concedo,
1346 3987 1382 4045 et
1399 3996 1515 4043 unum
1531 3952 1786 4046 molendinum
1803 3972 1841 4042 in

447 4119 486 4165 ea
503 4092 586 4164 villa
601 4118 685 4194 quae
698 4093 833 4169 dicitur
849 4096 965 4168 Barna
978 4095 1086 4171 Villa.
1104 4096 1139 4167 Si
1157 4097 1239 4199 quis
1255 4084 1381 4167 autem'
1389 4092 1583 4192 supradicti
1598 4090 1771 4182 coenobii,
1786 4092 1843 4168 vel

448 4212 557 4286 abbas
573 4214 629 4288 vel
649 4216 829 4320 minister,
848 4215 985 4319 aliquid
1003 4216 1108 4318 hujus
1127 4216 1335 4292 donationis
1352 4214 1409 4288 vel
1427 4231 1545 4289 totum
1562 4241 1625 4288 seu
1641 4212 1843 4288 vendiderit

449 4337 521 4410 sive
537 4333 694 4427 dederit,
714 4338 847 4413 Sancto
865 4338 993 4428 Petro,
1014 4339 1071 4411 cui
1090 4365 1157 4439 ego
1174 4337 1273 4413 dono
1290 4355 1326 4412 et
1347 4338 1406 4410 ille
1424 4336 1544 4428 tollit,
1563 4337 1744 4412 rationem
1760 4334 1843 4411 red-

449 4454 533 4534 dere
550 4473 715 4559 cogatur.
734 4457 865 4533 Amen.
884 4490 903 4528 »
968 4454 969 4458 ’
1772 4542 1776 4547 Ι

499 4578 693 4661 Sciendum
705 4606 792 4656 vero
805 4597 859 4654 est
872 4597 946 4654 tam
958 4563 1187 4683 presentibus
1201 4608 1311 4685 quam
1324 4580 1472 4673 futuris,
1486 4581 1660 4681 quoniam
1672 4605 1740 4657 nos
1757 4604 1846 4655 cen-

496 4809 503 4838 ¹
517 4801 574 4861 Hic
588 4801 686 4883 agitur
698 4799 735 4861 de
747 4803 853 4864 comite
866 4802 1011 4864 Richardo
1026 4802 1076 4878 Il,
1092 4806 1142 4885 qui
1156 4806 1214 4866 vita
1231 4803 1346 4866 iunctus
1361 4819 1404 4867 est
1417 4825 1495 4866 anno
1514 4822 1599 4883 ¹⁰²7·

495 4919 505 4945 ²
518 4908 648 4968 Fortasse
663 4907 773 4981 l‘Ome,
786 4921 820 4970 ut
832 4912 950 4990 conjicit
963 4911 1002 4970 Ι).
1020 4909 1131 4991 Muley.
