4462 6120
630 718 668 790 s.
695 718 838 793 rursu
863 715 1202 794 cemorensis.
1461 672 1465 680 ’
1565 722 1612 792 cs

221 885 349 942 utrum
357 865 460 969 ualde
471 867 519 938 sit
530 866 727 954 obtimum,
740 890 788 937 an
799 862 900 939 non?
913 896 931 934 u
944 863 1010 936 Cui
1022 862 1212 937 virbeatus
1223 862 1614 956 blandosermoneres·

220 989 385 1092 pendens
396 988 512 1063 dixit:
531 991 697 1078 nFrater,
713 988 753 1061 in
763 1001 938 1087 promptu
951 985 1041 1060 illud
1054 983 1163 1064 babes
1168 1015 1180 1076 3
1195 1012 1273 1067 non
1283 1002 1337 1058 est
1344 985 1412 1058 tibi
1420 1012 1562 1062 neeesse
1572 1005 1615 1060 ut

220 1111 645 1216 peraliumdiscasquod,
656 1126 692 1185 te
701 1112 888 1210 magistro,
902 1111 1097 1210 quamcito
1109 1109 1396 1209 potes-experiri.
1409 1140 1428 1178 »
1443 1109 1516 1202 Qui
1530 1135 1615 1186 cum

219 1234 288 1328 sibi
301 1235 466 1337 sciphum
475 1259 551 1337 quo
564 1233 710 1308 biberet
717 1232 794 1306 dari
805 1233 1023 1335 requireret,
1037 1233 1088 1306 ait
1096 1231 1236 1305 adeum
1248 1257 1394 1307 rursum
1402 1229 1612 1305 virbeatus:

222 1389 241 1430 ιι
250 1332 552 1461 Nequaquam-in
564 1357 636 1433 alio
648 1384 728 1431 vase
737 1357 867 1430 melius
882 1355 971 1429 illud
985 1357 1146 1429 invenies
1159 1382 1269 1456 quam
1282 1355 1320 1427 in
1329 1353 1398 1429 ‘illo
1411 1356 1450 1428 in
1460 1374 1538 1456 quo'
1548 1353 1616 1427 tun·

219 1480 368 1561 bitur.»
383 1468 549 1582 Cumque
562 1480 623 1555 ille
635 1481 746 1580 miser
760 1496 949 1553 cantarum
962 1478 1060 1552 ados
1072 1495 1113 1551 ut
1122 1477 1268 1552 biberet
1278 1478 1466 1577 posuisset,
1481 1479 1531 1550 ita
1543 1491 1616 1549 sta-

220 1605 322 1676 tima
345 1602 477 1680 morbo
494 1603 646 1702 paralisy
668 1619 722 1677 est
742 1581 950 1702 percussus,
971 1618 1015 1680 ut
1034 1627 1204 1701 spumans
1226 1599 1270 1673 ad
1292 1616 1426 1673 terram
1448 1597 1613 1688 caderet,

198 1741 256 1798 ,ιιι
267 1727 435 1800 οιιιιιίιιιιι
447 1724 691 1799 menbrorum
702 1721 849 1825 penitus
861 1708 980 1800 officio
994 1739 1145 1797 careret.
1163 1723 1234 1816 Qui
1252 1722 1338 1798 ilico
1350 1724 1616 1821 armigerorum

218 1848 385 1922 manibus
403 1848 442 1920 in
460 1828 559 1920 curia
575 1846 732 1936 delatus,
751 1875 771 1920 a
787 1846 967 1921 militibus
983 1847 1276 1926 circumvallatur
1288 1860 1326 1920 et
1342 1844 1500 1917 amultis
1516 1844 1617 1944 plan<

218 1961 332 2071 gitur.
359 1969 498 2071 Deinde
520 1970 644 2042 comiti
667 1971 877 2048 nonciatur.
903 1968 974 2061 Qui
1000 1995 1085 2040 cum
1109 1966 1291 2040 didicisset
1311 1994 1390 2042 rem
1411 1992 1524 2068 quare
1547 1965 1616 2041 hoc

215 2094 250 2166 ei
278 2091 478 2180 accidisset,
502 2092 668 2164 accersiri
692 2090 780 2164 fecit
796 2091 949 2162 beatum
971 2088 1222 2191 siemundum.
1247 2090 1424 2183 Quicum
1440 2090 1595 2164 venisset
1602 2143 1613 2178 ,

218 2241 287 2314 pro
305 2216 439 2314 injuria
462 2215 495 2287 ei
518 2213 612 2286 facta
626 2213 733 2311 jussit
758 2236 878 2284 comes
901 2234 1037 2286 eorum
1052 2210 1179 2285 oculos
1194 2212 1354 2311 eruiqui
1376 2212 1559 2286 uiolenter
1573 2211 1616 2285 de

218 2335 329 2411 domo
347 2337 459 2435 ipsius
471 2337 599 2407 vinum
612 2334 929 2434 absportaverant,
946 2332 1054 2434 idque
1069 2334 1111 2405 in
1125 2331 1277 2407 domum
1291 2332 1484 2406 confestim
1496 2359 1617 2434 repor-

219 2461 302 2532 tari.
322 2461 488 2560 Cumque
504 2460 562 2531 vir
575 2457 700 2531 beatus
718 2458 863 2532 comitis
876 2457 1048 2529 “animum
1062 2455 1210 2546 vidisset
1228 2454 1424 2530 admodum
1442 2455 1516 2530 bile
1531 2483 1617 2532 suc-

218 2607 385 2670 censum,
401 2608 479 2656 non
497 2575 660 2681 prius-ab
682 2606 728 2668 eo
747 2579 908 2658 discessit
923 2578 1040 2675 donec
1057 2579 1230 2654 comitem
1244 2577 1365 2651 verbis
1383 2569 1555 2655 almifluis
1567 2579 1616 2652 ab

220 2706 272 2776 ira
294 2698 500 2792 retonaret,
514 2720 563 2811 ⁸et
584 2729 666 2779 reos
683 2731 703 2775 a
720 2726 833 2802 poena
848 2701 1041 2790 liberaret,
1064 2718 1103 2775 et
1122 2701 1250 2773 vinum
1273 2717 1316 2772 ut
1331 2727 1453 2776 comes
1474 2701 1617 2776 biberet

219 2852 371 2900 munere
384 2827 543 2899 caritatis
552 2825 758 2930 obtineret,
774 2843 882 2927 atque
895 2826 1013 2925 ipsum
1027 2825 1240 2924 pincernam
1251 2823 1394 2923 paralisi
1405 2827 1616 2923 percussum

219 2948 297 3021 fusa
315 2945 664 3046 orationepristinae
684 2929 1026 3021 sanitatiredderet.
1047 2949 1110 3019 llis
1126 2949 1176 3020 ita
1192 2948 1362 3046 patratis,
1381 2946 1429 3019 ab
1444 2947 1616 3023 omnibus

219 3072 360 3171 magnis
369 3070 553 3144 attollitur
562 3068 992 3171 laudibuscpennulaque
1003 3095 1095 3159 mea,
1110 3085 1240 3168 parurn
1251 3068 1297 3141 ab
1307 3068 1436 3143 ordine
1446 3069 1615 3170 digressa,

221 3209 263 3267 ut
274 3195 317 3267 in
334 3218 378 3269 eo
395 3186 700 3294 redffscalpello
714 3193 886 3267 comitur.
979 3270 984 3276 ,
1063 3285 1069 3293 ¹
1169 3185 1172 3192 ’
1347 3176 1350 3180 ,

558 3464 566 3471 ·
637 3392 1038 3579 pennantur
1072 3453 1157 3557 xi.
1210 3525 1212 3530 ,

249 3656 257 3669 ’
287 3673 331 3732 De
345 3693 377 3732 vr
393 3651 663 3754 agripennisvineae
674 3672 846 3753 supradictis
859 3695 876 3732 a
890 3673 1059 3748 siemundo,
1075 3674 1214 3744 canonico
1227 3673 1332 3736 Sancto
1346 3675 1447 3749 Petro,
1465 3674 1548 3734 datis.

273 3956 291 3996 «ι
304 3927 348 3998 ln
363 3925 514 4000 nomine
532 3923 837 4024 cunctipotentis.
856 3921 1086 4012 Fulcberius,
1105 3926 1169 4026 qui
1186 3924 1368 4007 abbatiam
1382 3924 1506 3999 Sancti
1524 3927 1617 4011 1400-
1642 3963 1702 4008 aare
1713 3978 1734 4009 ι.
1746 3962 1803 4010 sss.
1851 3955 1855 3963 '
1886 4015 1891 4024 ,

222 4047 300 4120 bini
318 4073 402 4149 quoe
420 4064 475 4120 est
490 4046 558 4121 sub
577 4047 668 4121 urbe
685 4047 878 4138 Carnutis,
897 4073 962 4148 per
977 4047 1212 4148 largitionem
1227 4049 1380 4137 senioris
1392 4048 1463 4122 mei
1481 4047 1618 4124 Odonis
1636 4032 1640 4037 ’

223 4170 368 4245 comitis
377 4169 648 4259 tenereuideor,
660 4185 876 4275 notumvesse
883 4169 1052 4245 volumus
1062 4171 1202 4254 eunctis
1211 4169 1475 4253 successoribus
1481 4174 1619 4247 uostris

221 4274 462 4391 presentibus
475 4308 512 4364 et
525 4289 672 4388 futuris,
686 4291 772 4393 quia
786 4291 1004 4391 agripennos
1021 4316 1059 4364 v1
1076 4291 1190 4364 vineae
1203 4307 1240 4364 et
1251 4290 1404 4390 amplius
1419 4292 1618 4387 Siemundo

222 4413 425 4516 presbitero
439 4431 547 4514 atque
561 4415 751 4504 canonico,
769 4431 903 4515 etpost
918 4439 1102 4488 excessum
1117 4418 1193 4512 ejus
1208 4415 1342 4489 Sancto
1354 4416 1464 4491 Petro
1480 4416 1619 4492 Carno-

223 4536 315 4623 tensi
329 4553 367 4610 et
378 4533 565 4613 monacbis
581 4539 675 4635 ejus,
689 4562 755 4636 per
768 4535 1023 4647 manufirmam
1036 4535 1251 4625 censualiter
1267 4536 1511 4611 concedimus.
1531 4538 1619 4610 Ter-

222 4640 411 4760 minantur
423 4675 546 4734 autem
557 4685 605 4734 ex
615 4659 754 4760 duabus
769 4657 934 4760 partibus
949 4674 1046 4733 terra
1062 4658 1106 4732 de
1120 4660 1194 4759 ipsa
1209 4675 1404 4760 potestate,
1420 4658 1464 4732 de
1480 4649 1619 4748 duabus

224 4780 302 4855 aliis
313 4780 479 4882 partibus
492 4783 559 4855 viis
571 4780 739 4882 publicis.
753 4782 823 4858 Per
832 4779 926 4860 hanc
935 4804 1023 4858 vero
1030 4781 1280 4882 cognitionem
1292 4783 1341 4856 ita
1351 4779 1394 4854 ad
1405 4770 1555 4855 censum
1566 4781 1620 4879 eis

225 4902 469 4997 concedimus,
483 4920 528 4978 ut
540 4903 634 4979 banc
652 4923 785 4982 terram
804 4931 918 5006 usque
929 4902 974 4979 ad
987 4929 1134 4997 erucem
1151 4904 1308 4980 firmiter
1324 4920 1522 4981 teneantet
1536 4929 1618 5004 per·
