4462 6120
735 707 772 778 S.
798 706 940 779 PETRI
966 702 1302 792 GARNOTENSIS.

836 924 937 988 De
953 928 1097 990 Joiril
1046 919 1137 990 Villa.

378 1105 433 1179 18.
455 1104 509 1177 lbi
526 1104 730 1179 mansellus.
735 1131 848 1198 unua,
863 1131 976 1209 quem
986 1108 1134 1211 tenebat
1151 1104 1386 1200 Adalbbrtus,
1406 1052 1567 1200 solvebat
1581 1076 1718 1205 solidos

326 1243 414 1316 tres,
434 1254 544 1328 quem
560 1227 690 1302 fratres
704 1225 950 1332 inclamabant
966 1212 1115 1351 sicut—el
1128 1233 1232 1308 illum
1247 1233 1291 1308 de
1309 1233 1532 1311 VVadriaco.
1698 1240 1703 1251 “

265 1416 266 1423 l
699 1346 1292 1588 ιιιιωῖξψιιι
1345 1408 1382 1506 ²

376 1621 433 1753 i9.
450 1655 781 1766 Beneficiumquod
793 1652 1177 1747 nvensvvmematus
1187 1661 1308 1733 tenuit
1320 1686 1528 1751 canonicus,
1543 1662 1719 1777 moriens-

323 1802 394 1878 que
414 1776 546 1853 Sancto
572 1780 681 1876 Petro
697 1752 863 1885 reliqtalt
867 1772 928 1854 ad
930 1774 1131 1881 luminaria
1153 1781 1422 1873 concinnenda,
1447 1771 1656 1857 concessum
1680 1811 1719 1858 ea

325 1915 598 1999 tempestate
552 1899 635 1972 fuit
655 1893 718 1973 lle
726 1926 817 2031 <1¹9
799 1898 1028 2002 benefiuo
1032 1920 1117 2011 uxta
1134 1906 1269 2015 perium
1286 1907 1408 1978 Sancti
1428 1906 1524 1978 Petri
1542 1895 1647 1990 erant
1664 1932 1718 1979 vu

324 2047 429 2108 areae,
449 1981 626 2096 solventes
644 2010 779 2099 solidos
791 2050 864 2098 vri·
852 2079 863 2113 ,
879 2012 1039 2129 quorum
1050 1990 1287 2109 'incolarum
1272 2025 1423 2117 nomina
1436 2029 1577 2127 paginae
1592 2019 1720 2100 addere

324 2169 518 2242 operosum
536 2143 616 2216 fnit
617 2138 851 2259 ,praesertim
868 2171 952 2217 cnm
970 2145 1141 2272 utilitatlp
1155 2147 1209 2241 nil
1226 2147 1421 2236 attulisset,
1442 2174 1558 2249 neque
1574 2173 1641 2251 per
1654 2174 1721 2224 eo-

325 2292 408 2337 rum
426 2263 600 2340 vocabula
619 2265 701 2354 filil
709 2264 770 2339 vel
785 2283 936 2373 nepotes
962 2234 1161 2369 quivissent
1185 2272 1344 2383 agnoppi.
1368 2272 1474 2342 Juxta
1495 2267 1720 2351 dominicum

325 2375 502 2459 vivarium
513 2412 557 2458 ex
571 2386 703 2523 eodem·
700 2380 886 2459 beneficio
896 2404 1000 2460 erant
1012 2386 1085 2464 duo
1097 2391 1262 2490 aripenni
1270 2386 1312 2463 et
1324 2388 1538 2464 dimidius*
1505 2415 1621 2464 vrneae
1638 2416 1721 2464 cum

326 2508 480 2608 pratello
494 2507 562 2580 sibi
581 2490 733 2607 juncto,
753 2506 850 2580 unde
868 2535 891 2582 v
907 2507 1011 2581 solidi
1029 2513 1128 2584 exire
1145 2511 1322 2587 solebant.
1351 2516 1402 2601 De
1428 2512 1555 2587 eodem
1575 2522 1722 2616 quoque

324 2630 502 2705 beneficio
519 2647 603 2703 ante
613 2648 757 2729 portam
770 2629 928 2719 fratrum
935 2682 946 2719 ,
963 2630 1235 2730 supro-fluvium
1245 2594 1410 2771 &urbicae
1411 2686 1423 2723 ,
1437 2648 1514 2707 erat
1527 2632 1722 2734 aripennus

326 2780 419 2826 unus
448 2751 590 2827 solvens
615 2752 770 2826 solidum
798 2780 926 2825 unum.
960 2744 1365 2853 ΡοιεὶιιιιιιιιιιιιὮίο
1357 2781 1395 2826 ιιι
1411 2754 1523 2875 loco,
1540 2753 1612 2827 ad
1603 2780 1722 2855 tpsum

327 2876 448 2948 lumen
468 2862 598 2946 altaris
605 2853 847 2974 pertinentes,
868 2874 941 2948 duo
958 2876 1146 2976 agripenni
1138 2874 1364 2951 obtimae
1332 2903 1460 2950 vineae.
1815 2862 1816 2866 ι

918 3120 963 3178 De
983 3121 1141 3203 Capalicr's.
1690 3202 1723 3271 Υ

381 3333 439 3379 20.
459 3305 520 3376 lsti
533 3328 659 3406 omnes
672 3301 881 3402 subscripti,
895 3301 939 3375 de
953 3254 1131 3401 capitibus
1144 3304 1302 3401 propriis
1315 3301 1513 3375 reddebant
1528 3248 1722 3405 uuusquis-

328 3453 399 3527 que
417 3440 504 3499 ιιιι(π
521 3425 710 3501 denarios:
728 3423 949 3523 Banegildis,
965 3423 1189 3524 Ansgundis,
1209 3423 1451 3514 Christianus,
1469 3423 1720 3526 Flodegarius,
1762 3425 1763 3428 ’

329 3550 548 3638 saxenildis,
568 3549 807 3647 Rainbuigis,
832 3547 1053 3637 banbertus,
1072 3547 1301 3636 Godenildis,
1322 3550 1529 3637 Dominica,
1552 3549 1723 3623 frotlan-

328 3673 413 3761 dus,
435 3670 631 3759 Acchildis,
652 3670 862 3759 isentrudis,
881 3672 986 3743 Berta
997 3671 1245 3760 ,Bertranna,
1265 3674 1473 3772 Bertingus,
1491 3641 1719 3759 Dominicus,

328 3794 565 3870 Ermenaldus
590 3811 627 3866 et.
651 3821 755 3869 soror
775 3796 868 3891 ejus,
896 3792 1105 3893 VVidlegis,
1130 3793 1339 3881 Aintrudis,
1367 3795 1601 3882 Dominicus,
1624 3792 1723 3895 Age-

329 3917 461 3990 nardus
468 3915 743 4016 ,VVandalgis,
761 3915 995 4004 Lambertus,
1015 3913 1264 4005 Leodoardus,
1284 3915 1496 4005 Anstrudis,
1517 3913 1721 4006 lundruda,

330 4039 542 4125 Austrudis,
559 4039 688 4112 Bracca
698 4092 709 4127 ,
729 4039 871 4112 Severa.

382 4190 439 4234 ai.
461 4162 551 4254 Quae
569 4160 640 4233 lruc
657 4187 768 4263 usque
785 4163 890 4235 novis
905 4161 1046 4261 paginis
1060 4162 1179 4233 curavi
1201 4160 1379 4248 intexere,
1399 4185 1443 4232 ex
1461 4161 1723 4235 canonicorum

330 4284 435 4383 hujus
462 4284 533 4358 loci
552 4285 659 4357 cartis
684 4286 840 4357 nimium
868 4283 1083 4383 pervetustis
1101 4283 1219 4381 accepi
1230 4283 1279 4378 ,u'
1321 4324 1324 4331 ⁴
1389 4282 1396 4296 '
1524 4283 1532 4299 '

331 4406 574 4513 fructuarium
591 4408 747 4494 clericis,
778 4408 928 4507 singulis
948 4407 1072 4495 annis,
1103 4404 1169 4509 ab,
1256 4501 1260 4508 J
1361 4498 1366 4509 .

333 4533 448 4618 riens,
476 4546 709 4629 posterorum
728 4530 875 4605 noticiae
893 4529 1071 4629 assignare
1085 4544 1135 4603 ιο
1151 4552 1207 4614 ιιι,
1232 4540 1298 4615 ut,
1360 4596 1386 4625 Ἠ

333 4652 388 4725 vel
423 4655 626 4753 quantitate
653 4655 728 4752 ejus
758 4648 804 4723 ab
837 4652 937 4724 istius
959 4651 1147 4750 temporis
1182 4675 1272 4740 usu,
1306 4650 1464 4749 prudens
1502 4647 1618 4721 lector
1646 4646 1727 4718 uni-

333 4774 532 4849 madvertat
540 4779 758 4877 jamjamque
774 4774 874 4851 aenio
889 4773 1018 4846 {msam
1037 4772 1143 4845 tellus
1160 4787 1383 4872 torpescere,
1400 4770 1488 4843 dum
1508 4766 1726 4843 sibiaredita

334 4925 416 4998 sepe
441 4924 595 4972 numero
618 4899 753 4971 semina
763 4953 773 4986 ,
799 4898 896 4971 inani
915 4921 976 4996 spe
991 4896 1154 4984 delusos,
1174 4892 1357 4969 reddendo
1374 4920 1478 4993 parca
1488 4893 1628 4982 'manu,
1648 4908 1728 4967 tue*
