4462 6120
736 741 774 813 S.
801 740 944 815 PETRI
968 736 1307 811 CARNOTENSIS.
1647 733 1718 804 229

786 1020 1142 1110 CAPITULUM
1175 1019 1262 1105 ΙΙΙ.

695 1300 697 1307 >
820 1267 864 1327 Dc
878 1268 1004 1328 ccclesia
1019 1264 1228 1326 Monasterioli.

381 1525 399 1564 n
417 1496 458 1569 ln
469 1496 625 1569 'nominc
636 1495 752 1568 Patris
765 1510 801 1568 et
814 1494 897 1567 Filii
913 1495 1120 1594 ct'Spiritus
1133 1492 1269 1565 Sancti.
1289 1490 1429 1565 Notum
1444 1515 1517 1563 esse
1533 1490 1718 1576 volumus,
1748 1504 1840 1551 Antea¹
1853 1504 1924 1551 ¹¹⁰²»

330 1643 398 1716 ego
417 1615 650 1708 Eustachius,
674 1614 783 1690 abbas
806 1614 969 1691 coenobii
992 1618 1104 1688 sancti
1121 1616 1219 1689 Petri
1238 1613 1491 1701 Carnotensis,
1515 1611 1721 1686 cumomni

329 1739 611 1837 congregatione
626 1735 737 1809 michi
754 1739 959 1827 commissa,
979 1734 1150 1812 omnibus
1167 1735 1335 1810 aecclesiae
1354 1735 1419 1807 Dei
1435 1733 1517 1806 filiis
1533 1733 1720 1819 fidelibus,

325 1858 370 1932 de
383 1857 537 1957 quadam
549 1860 729 1949 ecclesia,
749 1886 821 1960 que
833 1860 1111 1936 Monasteriolus
1128 1861 1321 1947 vocitatur,
1342 1884 1451 1957 quam
1467 1858 1558 1931 olim
1574 1882 1722 1930 venera-

325 1978 409 2050 bilis
432 1976 541 2051 abbas
564 1978 761 2051 leodricus
784 2006 804 2049 a
828 1979 986 2077 quodam
1006 1980 1143 2065 milite,
1166 1982 1316 2053 nomine
1334 1978 1508 2067 Radulfo,
1530 1978 1723 2080 adquisisse

324 2099 540 2189 dinoscitur,
562 2127 606 2175 eo
622 2098 769 2200 quidem
785 2114 891 2199 pacto
909 2115 950 2171 ut
968 2097 1198 2171 medietatem
1216 2100 1385 2171 aecclesiae
1405 2099 1574 2175 monachi
1595 2103 1632 2173 in
1652 2101 1723 2174 suis

325 2219 450 2296 usibus
466 2199 639 2295 haberent
647 2250 659 2310 ς
678 2222 828 2293 alteram
842 2245 930 2293 vero
946 2218 1135 2310 Radulfus,
1149 2218 1323 2319 quamdiu
1334 2221 1485 2306 viveret,
1501 2218 1569 2291 sibi
1584 2220 1724 2294 retine-

326 2359 403 2430 ret,
430 2359 468 2417 et
489 2358 574 2444 post
599 2347 673 2442 ejus
697 2357 856 2417 mortem
879 2357 916 2415 et
939 2341 1095 2414 aecclesia
1118 2355 1155 2413 et
1176 2365 1234 2412 res
1255 2343 1330 2438 ejus
1350 2365 1432 2440 quae
1457 2341 1495 2413 in
1516 2340 1723 2440 supradicto

326 2465 428 2553 loco,
448 2467 578 2539 tamin
599 2480 694 2543 terra
710 2491 820 2565 quam
838 2465 876 2536 in
895 2490 1007 2564 aqua,
1027 2462 1217 2536 videbatur
1232 2461 1433 2560 possidere,
1457 2479 1533 2538 tota
1555 2463 1598 2537 ad
1621 2488 1725 2536 sanc-

327 2602 406 2659 tum
421 2587 570 2661 Petrum
586 2586 733 2660 rediret.
753 2591 847 2659 Cum
862 2601 983 2658 autem
1003 2586 1050 2656 ita
1067 2583 1246 2683 prefatam
1258 2584 1453 2659 aecclesiam
1467 2612 1532 2683 per
1545 2585 1724 2685 plurimo-

325 2735 410 2785 rum
434 2735 607 2809 annoruu
734 2709 825 2783 icula
848 2709 1094 2785 communiter
1120 2706 1366 2806 possiderent,
1395 2708 1551 2782 surrexit
1577 2708 1724 2808 quidam

723 2920 724 2926 η
769 2832 1117 2930 ,cunsanguineus
1143 2829 1296 2928 predicti
1322 2829 1484 2920 Radulfi,
1512 2832 1550 2904 in
1575 2829 1724 2903 eandem

326 2952 521 3027 aecclesiam
542 2934 546 2943 ἦ
611 2947 619 3019 ’.
778 2950 893 3043 endit,
907 2967 1015 3051 atque
1028 2950 1256 3023 medietatem
1270 2949 1449 3024 obtinuit.
1461 2951 1552 3044 Qui,
1562 2950 1725 3052 quandiu

325 3076 431 3166 vixit,
448 3045 640 3174 partem*
668 3151 672 3155 ,
721 3109 735 3139 κ
745 3073 821 3147 chis
837 3090 995 3173 emptam
1008 3071 1075 3145 sibi
1092 3072 1258 3145 retinuit.
1272 3074 1360 3146 Post
1375 3089 1535 3147 mortem
1550 3099 1637 3149 vero
1653 3100 1726 3146 sm·

326 3196 461 3273 borum
471 3195 629 3272 domnus
643 3222 771 3271 eorum
783 3196 982 3285 Baldricus,
997 3195 1225 3295 praenomine
1238 3192 1454 3284 Chotardus,
1469 3220 1552 3269 cum
1566 3195 1726 3297 quodam

326 3317 411 3393 filio·
427 3319 601 3419 parvulo,
629 3319 779 3393 nomine
801 3315 1015 3408 Eustachio,
1045 3342 1155 3417 quem
1178 3318 1245 3390 Dci
1267 3316 1416 3391 servitio
1440 3315 1508 3388 suh
1528 3315 1726 3391 monachili

327 3438 454 3514 habitu
470 3440 712 3539 mancipavit,
725 3456 849 3515 sancto
869 3438 977 3512 Petro
995 3437 1191 3512 aecclesiam
1205 3436 1325 3528 dedit,
1343 3453 1379 3510 et
1396 3438 1573 3538 quicquid
1590 3439 1627 3510 in
1643 3436 1726 3513 loco

326 3561 454 3637 eodem
464 3558 522 3635 sui
529 3562 621 3661 juris
634 3586 706 3635 esse
719 3561 923 3650 videbatur,
942 3588 1008 3660 per
1024 3584 1204 3634 assensum
1221 3561 1406 3660 Hugonis,
1425 3560 1490 3632 filii
1506 3559 1722 3651 Guaszonis,

326 3701 363 3757 et
380 3685 548 3757 omnium
566 3681 698 3756 borum
713 3709 872 3784 quorum
889 3683 1039 3756 nomina
1054 3662 1356 3782 subscripsimus,
1377 3682 1565 3768 concessit.
1587 3681 1725 3755 lsnardi

325 3805 370 3880 de
386 3806 483 3879 Mori
496 3805 645 3878 Villare.
664 3803 841 3879 ltodberti
859 3803 957 3877 Rufi.
976 3803 1181 3892 VValterii,
1199 3804 1267 3877 filii
1283 3804 1444 3877 Nivardi.
1466 3804 1637 3892 Guarini,
1658 3803 1724 3878 filii

327 3927 499 4002 Josberti.
520 3927 691 4028 Symonis
707 3925 752 3999 de
765 3927 893 4001 Monte
909 3927 1107 4000 Pincionis.
1127 3928 1291 4001 Rainaldi
1303 3925 1348 4001 de
1361 3926 1462 4000 Bello
1478 3929 1607 4002 Puteo.
1629 3926 1726 3999 Gua-

326 4049 399 4122 rini
414 4047 458 4123 de
471 4048 555 4123 lslo.
570 4048 736 4145 Symonis
745 4099 756 4137 ,
772 4047 837 4122 filii
852 4050 940 4148 ejus.
958 4047 1121 4121 Rainaldi
1137 4048 1301 4123 corbuli.
1321 4047 1505 4121 Adventii.
1525 4048 1722 4127 [aurentii.

327 4168 491 4243 Fulberti
513 4171 671 4268 majoris.
692 4171 794 4243 Hanc
814 4188 935 4244 autem
957 4186 1092 4243 cartam
1110 4169 1267 4269 prefatus
1288 4169 1472 4244 Baldricus
1489 4169 1568 4244 fieri
1586 4170 1724 4261 voluit,

280 4379 282 4384 ,
326 4302 367 4367 ut
382 4293 410 4366 si
429 4292 510 4392 quis
532 4292 727 4393 aliquando
746 4291 868 4395 (quod
885 4290 1022 4392 absitl)
1045 4294 1227 4368 contraire
1246 4293 1424 4383 voluerit,
1445 4293 1484 4365 in
1503 4292 1614 4367 mallo
1632 4318 1725 4367 con-

326 4415 461 4505 uictus,
480 4415 557 4486 auri
574 4413 706 4486 libram
724 4415 833 4510 iudici
851 4415 1050 4515 persolvat,
1067 4430 1104 4489 et
1121 4414 1356 4489 anathematis
1374 4440 1550 4491 mucrone
1565 4415 1722 4504 saucius,

329 4536 398 4608 nisi
419 4537 612 4637 resipuerit
626 4552 670 4615 ,et
692 4537 737 4610 ad
759 4536 1012 4612 satisfactionis
1036 4538 1237 4614 remedium
1259 4539 1484 4639 confugerit,
1512 4540 1551 4611 in
1577 4536 1724 4612 inferno

328 4653 509 4732 demersus
525 4682 610 4736 eum
626 4655 774 4735 diabolo
788 4685 899 4759 penas
912 4659 1003 4735 luat.
1023 4652 1042 4730 ti
