4462 6120
275 693 341 760 168
793 684 1143 759 MONASTERIUM

271 837 393 906 vivens
417 832 460 906 ad
484 800 763 907 satisfactionem
788 831 1016 931 confugerit,
1044 831 1082 902 in
1108 829 1255 906 inferno
1276 843 1464 919 mortuus,
1489 829 1610 906 dotent
1633 856 1671 904 se

271 957 445 1028 sustinere
462 979 589 1052 poenas
610 969 810 1054 perpetuas.
830 985 848 1022 u

695 1186 1060 1277 CAPITULUM
1104 1187 1234 1274 XLI.
1287 1274 1289 1278 Α

706 1385 749 1444 De
760 1384 1016 1446 consuetudinibus
1030 1383 1197 1443 Broiilamat
1205 1393 1225 1442 ¹.

118 1599 130 1627 ⁰
242 1620 248 1634 ·
326 1617 343 1654 u
361 1589 400 1657 lu
425 1589 573 1660 nomine
590 1605 721 1660 sanctae
744 1603 781 1660 et
799 1585 995 1659 individuae
1013 1586 1228 1673 Trinitatis,
1248 1586 1287 1655 in
1311 1586 1412 1683 cujus
1434 1609 1548 1683 regno
1570 1585 1670 1683 viget

275 1706 448 1806 quietudo
464 1710 559 1807 pacis
575 1716 772 1807 perpetuae.
792 1707 970 1781 Omnibus
994 1708 1033 1779 in
1054 1708 1230 1779 comitatu
1248 1730 1330 1811 meo
1348 1705 1579 1804 degentibus,
1598 1730 1670 1804 ego

276 1827 517 1917 willelmus,
535 1856 653 1905 comes
670 1830 925 1915 Normanniae,
949 1846 1081 1901 notum
1099 1827 1194 1903 facio
1213 1826 1313 1929 quod
1335 1853 1445 1928 penes
1466 1853 1531 1900 nos
1547 1843 1670 1899 actum

276 1975 349 2022 esse
366 1949 575 2047 perdocebit
592 1949 791 2048 subscripta
809 1951 983 2022 narratio.
1002 1952 1068 2022 Est
1085 1951 1122 2021 in
1140 1947 1305 2049 partibus
1321 1951 1457 2023 nostris
1472 1949 1556 2031 vill-a
1571 1974 1673 2049 quae-

276 2070 371 2157 dam,
386 2072 595 2145 Broillemat
603 2073 803 2159 nominata,
816 2073 928 2143 sancti
943 2073 1039 2143 Petri
1052 2071 1205 2169 apostoli
1218 2072 1441 2144 monasterio
1456 2070 1671 2143 carnotensi

277 2190 322 2262 ab
335 2192 491 2288 ejusdem
505 2192 817 2265 constructoribus
828 2194 1030 2291 antiquitus
1043 2192 1138 2280 data,
1155 2190 1254 2292 quod
1267 2189 1435 2263 videlicet
1447 2193 1560 2263 sancti
1574 2191 1674 2263 Petri

277 2315 534 2386 monasterium
557 2316 595 2384 in
621 2313 787 2384 Carnotis
811 2313 966 2383 civitatis
988 2328 1041 2385 est
1064 2310 1243 2385 suburbio
1265 2313 1389 2384 situm.
1414 2314 1529 2411 Hujus
1553 2314 1675 2410 itaque

278 2434 475 2507 monachus
486 2434 645 2536 quidam,
661 2433 873 2507 Gausfridus
888 2434 1051 2522 nomine,
1067 2435 1216 2506 veniens
1233 2432 1277 2506 ad
1293 2458 1374 2522 nos,
1393 2433 1535 2532 rogavit
1547 2447 1674 2505 sancto

279 2557 387 2628 Petro
411 2556 536 2630 donari
554 2555 736 2655 praedictae
753 2556 848 2629 vittae
865 2572 1081 2656 potestatem
1091 2554 1341 2652 judiciariam,
1361 2584 1468 2657 quam
1486 2582 1574 2654 ego,
1596 2555 1673 2628 Deo

279 2677 450 2767 donante,
467 2680 562 2752 inter
578 2678 642 2749 alia
661 2678 815 2775 plurima
830 2677 1001 2749 hactenus
1018 2676 1157 2775 possedi
1172 2703 1238 2775 per
1252 2695 1387 2749 sortem
1403 2674 1669 2749 hereditariam.

280 2800 432 2896 Sperans
447 2804 557 2901 igitur
571 2827 638 2900 ego
651 2798 760 2870 michi
775 2798 992 2899 quandoque
1005 2799 1135 2872 debere
1152 2800 1302 2872 relaxari
1322 2815 1476 2897 peccata,
1494 2811 1672 2895 potestate

280 2923 438 2995 solvendi
470 2950 534 3021 per
559 2921 824 3020 redemptorem
856 2938 979 2996 sancto
1006 2923 1114 2997 Petro
1142 2922 1293 3010 collata,
1322 2924 1430 3021 ipsius
1460 2923 1673 2994 monasterii
1797 2990 1801 2994 .

280 3040 417 3116 abbatis
434 3044 599 3120 bandrici
618 3062 653 3117 et
671 3045 835 3115 omnium
852 3043 1008 3117 fratrum
1029 3071 1152 3118 antino
1173 3045 1434 3143 petitionibus,
1457 3071 1545 3146 quas
1566 3043 1675 3118 nobis

280 3166 451 3264 praefatus
467 3165 664 3242 monachus
682 3169 868 3269 suggessit,
884 3168 968 3266 ipsis
983 3167 1279 3266 precipientibus.
1300 3165 1483 3266 Quicquid
1501 3166 1614 3266 igitur
1637 3167 1675 3239 in

281 3287 450 3387 praedicta
469 3291 551 3363 villa
568 3289 691 3363 videor
704 3288 889 3378 obtinere,
906 3307 1030 3363 sancto
1043 3291 1164 3380 Petro,
1175 3293 1249 3389 jam
1267 3315 1309 3362 ex
1328 3287 1392 3360 bac
1410 3286 1467 3360 die
1484 3304 1678 3388 perpetua·
1714 3312 1718 3320 “

280 3410 376 3500 liter,
398 3411 513 3499 trad03
534 3413 617 3512 quia
633 3414 671 3484 in
686 3410 808 3484 sutura
824 3413 895 3484 vita
911 3410 945 3483 id
960 3413 1062 3514 illum
1076 3412 1186 3498 miehi
1204 3411 1407 3486 retribuere
1423 3408 1556 3483 debere
1575 3409 1678 3485 indu·

281 3531 440 3606 bitanter
454 3534 575 3608 credo.
591 3535 809 3633 subscriptis
823 3551 943 3608 autem
956 3533 1167 3610 nominibus
1182 3534 1398 3610 idoneorum
1411 3534 1593 3624 virorum,
1609 3535 1679 3609 sci·

281 3654 365 3728 licet
379 3658 416 3727 in
430 3655 494 3728 bac
508 3656 702 3729 traditione
715 3659 951 3754 presentium,
966 3660 1040 3755 ipsa
1053 3658 1306 3745 confirmatur,
1325 3673 1365 3729 ut
1381 3683 1398 3728 a
1413 3657 1518 3730 nulio
1535 3682 1676 3730 succes·

281 3802 405 3848 sorum
425 3803 592 3850 meorum
614 3777 760 3876 posthac
780 3776 1007 3852 dissolvatur.
1029 3780 1067 3851 S.
1080 3778 1272 3853 VVillelmi
1295 3779 1462 3866 comitis,
1490 3778 1553 3879 qui
1581 3775 1674 3850 banc

282 3895 517 3972 donationem
536 3898 635 3972 fecit.
655 3902 692 3972 S.
705 3899 894 3991 Rodberti,
908 3899 1032 3973 fratris
1049 3904 1136 4000 ejus.
1156 3901 1193 3972 S.
1204 3898 1415 3987 VVillelmi,
1433 3898 1499 3974 titii
1515 3897 1674 3973 Osberti.

282 4018 320 4089 S.
334 4017 568 4094 Corbutionis
586 4021 629 4093 de
647 4021 792 4094 Falesia.
818 4023 855 4092 S.
869 4021 1061 4097 Gisleberti
1072 4076 1084 4113 ,
1107 4021 1292 4121 praepositi
1311 4022 1355 4093 de
1377 4020 1509 4093 Usmis.
1535 4019 1572 4091 S.
1588 4020 1676 4092 Bal-

282 4139 384 4213 duini
402 4139 445 4213 de
463 4141 562 4214 Gaci.
582 4143 620 4216 S.
634 4141 800 4216 Herberti
818 4142 862 4216 de
879 4144 965 4217 Meli
984 4145 1107 4216 Curte.
1126 4175 1144 4213 u

333 4261 461 4359 Sopito
482 4266 740 4361 persecutionis
760 4264 927 4354 turbine,
951 4281 988 4338 et
1003 4267 1185 4339 restinctis
1204 4265 1399 4339 iracundiae
1414 4264 1572 4337 flammis
1589 4288 1677 4364 quas

285 4382 474 4458 evomebat
491 4385 699 4461 insatiabilis
714 4386 967 4487 acephalorum
979 4387 1228 4461 amaritudinis
1241 4388 1355 4477 zetus,
1376 4414 1524 4460 rursum
1536 4386 1678 4460 animus

288 4506 406 4577 intimi
419 4506 550 4580 amoris
559 4506 602 4579 ad
613 4526 725 4582 cartas
736 4508 940 4585 scribendas
950 4510 1172 4599 accenditur,
1181 4537 1270 4613 quas
1279 4511 1484 4598 omiseram,
1495 4489 1679 4610 tabescens

287 4629 475 4701 sevissimae
493 4631 712 4728 tempestatis
730 4630 900 4719 horrore3
921 4634 1068 4731 cupiens
1087 4650 1232 4731 ceptum
1248 4658 1340 4732 opus
1356 4633 1400 4706 ad
1417 4632 1527 4705 finem
1543 4627 1680 4733 perdu-

333 4855 339 4881 '
357 4845 392 4908 ln
407 4848 501 4907 indice
517 4851 615 4930 capitt.
633 4851 771 4940 scriptum
788 4866 847 4926 cst,
863 4852 1057 4917 Broidlamar.
