4462 6120
350 2786 382 2849 Ι

445 726 516 801 2i8
785 722 798 747 ⁵
903 731 934 759 ⁴*
967 733 1319 811 Mortastnttttttt

443 877 591 976 spiritus
614 859 792 976 malignus
813 892 899 953 clm
916 880 1087 979 arripuit.
1111 885 1189 958 Hoc
1210 882 1374 982 exemplo
1393 899 1432 955 et
1454 882 1532 957 aliis
1555 887 1837 986 quamplurimis

442 1000 658 1072 Sarrctaru'm
675 998 943 1099 Scripturarum
960 1003 1132 1104 exemplis
1148 1004 1254 1103 plene
1270 1003 1410 1096 edocti,
1430 1021 1561 1082 notum
1578 1033 1652 1081 esse
1670 1009 1837 1083 volumus

345 1104 613 1209 'Womnibos
633 1137 769 1195 sanctae
788 1124 856 1196 Dei
875 1125 1043 1199 aecclesiae
1063 1122 1248 1217 fidelibus,
1270 1144 1344 1199 tam
1359 1128 1600 1226 prfflmtibus
1616 1156 1725 1230 quam
1738 1131 1839 1205 futu-

441 1244 511 1355 ris,
528 1268 609 1343 ego,
629 1241 795 1319 videlicet
810 1245 1009 1332 Hauricus,
1025 1264 1062 1320 et
1074 1245 1187 1320 frater
1201 1273 1301 1322 meus
1316 1248 1568 1346 parvissimus,
1585 1251 1735 1325 nomine
1751 1254 1838 1326 Mo-
1941 1273 1946 1279 ·

298 1382 315 1421 '-
439 1350 556 1461 rinus,
567 1352 721 1438 militari
728 1356 852 1440 balteo
867 1369 1015 1468 utrique
1029 1371 1195 1459 accincti,
1207 1372 1383 1471 quoniam
1394 1370 1633 1446 ambitionem
1647 1373 1835 1460 nefariam,

438 1466 521 1592 qiue
535 1515 616 1580 uos,
633 1489 671 1560 in
682 1486 924 1562 adolescentia
933 1491 1084 1588 positos,
1097 1508 1245 1564 actenus
1258 1491 1412 1590 decepit,
1426 1492 1562 1567 anobis
1575 1490 1769 1593 abigimui,
1785 1513 1835 1587 et,

439 1610 569 1684 bamili
573 1634 701 1747 prece
712 1609 914 1699 Eustachii,
934 1609 1074 1684 abbatis
1092 1609 1252 1684 coenobii
1271 1613 1383 1684 sancti
1402 1614 1499 1685 Petri
1516 1614 1766 1705 Camotensis,
1792 1617 1836 1690 ad

361 1702 646 1847 ⁶⁴ltocsfflilus
662 1720 849 1831 perducti,
867 1748 928 1821 ut,
950 1758 1019 1830 pro
1035 1731 1098 1805 Dei
1117 1756 1240 1806 amore
1257 1749 1294 1805 et
1310 1747 1434 1806 nostra
1450 1733 1563 1808 salute
1572 1788 1583 1825 ,
1603 1763 1727 1836 pravas
1743 1744 1838 1812 coh-

373 1842 643 1937 mtuffines
665 1872 705 1928 et
724 1853 994 1942 intolerabiles,
1018 1882 1106 1954 quas
1127 1856 1258 1953 injuste
1280 1855 1570 1953 accipiebamus
1560 1886 1599 1932 ιιι
1618 1858 1700 1934 loco
1722 1864 1836 1934 sancti

438 1964 608 2085 θῶεςὶἱ,
624 1979 712 2085 qui
704 1978 793 2053 situs
807 1992 861 2051 est
875 2003 952 2050 non
967 1977 1075 2077 longe
1091 2004 1111 2049 a
1129 1976 1282 2050 {lumine
1299 1976 1398 2079 quod
1415 1983 1512 2053 Arva
1529 1980 1678 2074 dicitur,
1692 2010 1736 2058 ex
1755 1966 1835 2059 toto

384 2092 674 2204 ἀῶίῑᾶιιιιιις
690 2078 920 2179 solummodo
934 2127 991 2174 eas
1008 2102 1206 2175 retinentes
1214 2127 1329 2201 ,quas
1342 2117 1445 2201 pater
1458 2118 1583 2178 noster
1598 2103 1832 2196 Rainbertus,
1950 2137 1952 2140 ¹

436 2250 506 2341 pto
516 2220 733 2327 delensione
728 2224 954 2316 hominum,
968 2225 1131 2323 precario
1145 2222 1308 2296 habuisse
1320 2221 1492 2316 refertur,
1507 2228 1727 2300 rusticorum
1741 2229 1834 2302 vide·

436 2336 521 2423 libet
537 2347 661 2424 boves
671 2349 726 2421 t'er
749 2348 788 2419 iu
810 2373 908 2421 anno
929 2346 973 2420 ad
996 2345 1231 2422 exercendam
1250 2362 1384 2420 terram
1401 2354 1438 2421 in
1457 2348 1584 2423 eodem
1602 2350 1697 2426 loco.
1716 2351 1832 2424 Simili

428 2430 546 2545 modo
563 2462 697 2544 semel
689 2486 727 2543 iti
741 2496 838 2544 auno
852 2484 888 2544 et
903 2486 1065 2569 tempore
1082 2495 1266 2570 congruo,
1283 2468 1327 2542 de
1344 2470 1517 2544 arietibus
1538 2488 1646 2574 atque
1663 2474 1784 2574 agnis,
1804 2476 1832 2546 si

434 2570 592 2682 fierint,
618 2595 694 2667 sine
718 2594 931 2693 gravamine
950 2592 1174 2682 incolarum,
1207 2590 1405 2666 monachus
1434 2593 1503 2667 loci
1536 2611 1659 2669 rector
1687 2611 1834 2695 rogatus

434 2713 552 2790 nobis
537 2715 749 2835 prebebit,
764 2717 936 2816 quatinus
953 2742 1020 2790 nos
1038 2715 1167 2790 libenti
1193 2717 1317 2789 animo
1340 2714 1386 2786 ab
1407 2715 1576 2790 omnibus
1599 2715 1829 2805 hominibus,

433 2865 503 2940 pro
522 2863 634 2946 posse
643 2853 794 2955 nottqo,
816 2854 852 2911 et
875 2840 998 2912 locum
1015 2854 1051 2911 et
1067 2862 1217 2912 omnem
1235 2862 1310 2910 rem
1334 2837 1431 2911 loci
1423 2853 1521 2910 intus
1536 2854 1573 2910 et
1589 2838 1746 2912 exterius
1762 2836 1830 2910 de-

369 2944 372 2949 *
432 2948 632 3036 fentbnus
650 2923 849 3061 Νιςάοἰιιιιι
863 2959 1010 3062 quidem
1028 2959 1207 3033 siluerit
1199 2974 1294 3032 inter
1312 2960 1421 3059 ipsius
1438 2960 1508 3033 loci
1524 2959 1708 3046 homines,
1727 2961 1827 3061 quod

421 3084 511 3158 ‘sine
522 3082 620 3159 bello
633 3083 739 3156 finire
755 3099 932 3183 nequeat,
948 3098 1127 3181 praesente
1145 3080 1343 3171 mon'aclro,
1361 3083 1532 3155 finietur
1524 3109 1562 3153 ιιι
1576 3090 1697 3165 nosba
1712 3083 1826 3154 curia.

305 3182 398 3277 -;””’·
432 3206 628 3280 Prandium
650 3231 737 3282 vcro
757 3205 858 3308 qnod
880 3206 918 3276 in
940 3207 1051 3278 sancti
1070 3204 1217 3304 Georgii
1236 3203 1431 3278 festivitate
1451 3204 1690 3279 inverecunda
1707 3205 1832 3279 fronte

431 3329 723 3432 requirebamus,
746 3331 899 3403 omnino
916 3328 1153 3415 dimittimus,
1179 3329 1264 3428 quia
1287 3327 1379 3400 male
1397 3327 1652 3401 solennitatem
1674 3326 1831 3400 celebrat

431 3453 494 3555 qui
512 3451 609 3526 seab
627 3451 775 3524 inlicitis
793 3477 869 3527 non
888 3449 1057 3525 custodit.
1083 3451 1152 3538 Et,
1177 3448 1526 3549 utpraelibavimus,
1545 3474 1830 3524 omnesexecra-
1917 3436 1940 3469 ς’

430 3572 520 3649 biles
538 3573 816 3695 consuetudines
833 3600 921 3675 quas
939 3572 1222 3673 usurpabamus
1214 3599 1252 3644 ιιι
1267 3571 1419 3673 prelato
1437 3573 1539 3661 loco,
1560 3597 1659 3644 nurrc
1674 3587 1713 3645 et
1728 3572 1832 3645 dein-

431 3704 512 3798 ceps
524 3678 763 3787 remittimus,
766 3710 914 3841 praeter
928 3697 1004 3769 illas
1018 3723 1105 3796 quas
1118 3709 1257 3795 patrem
1273 3710 1439 3768 nostrum
1454 3693 1617 3768 habuisse
1630 3721 1649 3765 a
1662 3694 1830 3794 plurimis

429 3821 578 3910 dicitru·;
597 3848 676 3921 quan
693 3800 869 3933 Ριωψιο
885 3821 1120 3922 requirantur
1137 3846 1156 3890 a
1175 3816 1376 3910 monacho,
1398 3843 1475 3891 non
1492 3818 1527 3890 vi
1552 3816 1597 3889 ab
1616 3815 1830 3891 hominibus

420 3922 728 4047 extoquueantur
749 3932 958 4016 Has'a‘autem
976 3942 1134 4028 litteras,
1159 3966 1248 4040 quas
1267 3939 1372 4013 fieri'
1358 3940 1551 4039 jussimus,
1571 3939 1678 4038 signo
1695 3955 1829 4011 sanctae

429 4046 763 4167 crucis⁰publiceln
783 4064 909 4137 llrocis
932 4080 1047 4138 castro
1069 4063 1232 4160 inpresso
1253 4058 1593 4148 corroboravimus,
1612 4059 1829 4159 pariumque

428 4206 640 4266 nostrorum
658 4214 699 4261 ac
717 4184 879 4259 fidelium
898 4183 1065 4256 manibus
1079 4180 1393 4258 corroborandum
1412 4179 1625 4253 tradidimus
1635 4206 1828 4282 ,quorum
1904 4250 1907 4255 .

427 4312 577 4389 nomina
596 4309 799 4382 inferiusin
817 4306 1026 4382 testimonio
1036 4299 1345 4404 jussimusscrihi.
1365 4302 1401 4374 Si
1420 4303 1501 4403 quis
1516 4317 1636 4374 autem
1652 4301 1828 4401 profanus
1854 4290 1910 4333 ’··”
1946 4306 1950 4313 ’

428 4436 512 4509 huic
533 4424 733 4547 largitioni
738 4447 873 4504 nostrae
890 4428 1071 4513 contraire
1088 4426 1264 4514 voluerit,
1284 4425 1353 4496 nisi
1371 4425 1608 4524 poenituerit,
1628 4449 1712 4496 cum
1731 4421 1823 4494 Judn

392 4636 402 4653 ‚
426 4550 661 4687 proditore,
652 4566 784 4629 etcum
799 4552 853 4625 his
870 4578 931 4653 qui
923 4514 1148 4626 'Dominum
1163 4547 1310 4621 Jhesum
1324 4545 1632 4649 crucifixerunt,
1623 4571 1661 4616 ιιι
1677 4542 1825 4618 inferno

426 4650 553 4799 pbebas
571 4675 697 4752 lrabeat
714 4690 874 4749 carentes
893 4673 978 4747 fine
999 4672 1085 4743 Data
1101 4687 1154 4744 est
1173 4667 1249 4742 haec
1266 4685 1363 4740 carta
1380 4669 1508 4743 Drocis
1526 4682 1642 4741 castro
1657 4663 1822 4767 publice,

425 4831 522 4879 anno
540 4799 748 4876 dominice
740 4797 1000 4871 incarnationis
1017 4793 1209 4866 millesimo
1224 4791 1386 4879 ΙιΧΧΧο
1387 4791 1466 4881 Vr,
1486 4791 1684 4864 indictione
1699 4788 1821 4874 Vllll,

427 4925 582 5037 Philippi
597 4923 691 5023 regis
709 4921 813 5020 regni
829 4945 926 4994 anno
941 4916 1091 4992 ΧΧΧΙιι
1102 4914 1251 5005 Paulus,
1265 4912 1466 4986 monachus
1482 4929 1519 4986 et
1536 4913 1698 5004 edituus,
1714 4925 1824 4984 nota-

428 5051 503 5124 rius
519 5047 653 5123 extitit.
674 5074 693 5123 n
