4462 6120
678 725 715 796 S.
734 723 879 796 PETRI
905 721 1243 798 CARNOTENSIS.
1503 805 1505 810 ⁴
1609 725 1656 795 33

258 865 336 942 lieri
349 867 542 968 jamdictis
556 872 757 961 canonicis,
773 897 856 944 cum
871 898 1013 945 assensu
1025 898 1066 943 ac
1079 872 1333 971 deprecatione
1347 868 1499 958 Graulli,
1517 871 1579 970 qui
1594 870 1658 943 ab-

258 989 393 1064 batiam
406 993 528 1066 Sancti
542 995 695 1066 Carauni
717 1012 838 1069 tenere
855 995 1019 1067 cernitur
1035 1022 1100 1093 per
1115 997 1369 1069 auctoritatem
1385 1009 1521 1068 nostrae
1544 993 1656 1093 largi-

260 1115 382 1189 tionis.
405 1116 469 1188 Est
485 1134 607 1190 autem
628 1120 701 1217 ipsa
724 1119 829 1190 vinea
846 1143 961 1217 prope
980 1118 1201 1190 cimiterium
1221 1118 1331 1216 ipsius
1348 1115 1515 1190 videlicet
1534 1115 1655 1187 Sancti

260 1235 413 1310 Carauni
430 1238 474 1310 arl
492 1239 735 1338 aquilonalem
752 1239 890 1341 plagam
910 1240 1018 1338 ipsius
1036 1240 1121 1329 loci,
1135 1238 1269 1313 habens
1280 1241 1446 1315 intotum
1462 1240 1658 1338 aripennos

261 1383 314 1431 x11
329 1375 365 1432 et
379 1358 588 1450 dimidium,
614 1361 796 1437 dimensos
811 1361 1023 1462 singillatim
1040 1364 1186 1461 perticis
1207 1362 1487 1463 quinquagenis.
1514 1361 1659 1433 Termi-

259 1497 369 1552 natur
382 1484 491 1555 etiam
503 1482 646 1560 duobus
663 1485 835 1558 lateribus
851 1502 945 1558 terra
960 1483 1118 1583 ejusdem
1132 1485 1333 1587 potestatis;
1351 1483 1489 1557 duabus
1508 1509 1656 1584 quoque

258 1600 465 1694 frontibus,
501 1608 567 1679 viis
601 1607 770 1708 publicis.
798 1607 896 1681 lnlra
929 1607 989 1680 bas
1019 1609 1131 1709 igitur
1162 1608 1437 1682 terminationes
1467 1604 1659 1706 praefatam

191 1787 193 1792 .
260 1727 403 1800 vineam
428 1730 476 1801 ita
500 1731 550 1803 eis
561 1784 572 1819 ,
597 1756 678 1831 sepe
697 1729 796 1806 dicto
812 1730 943 1804 abbate
961 1727 1116 1806 Graulfo
1134 1731 1372 1830 deprecante,
1392 1729 1656 1818 concessimus,

260 1863 301 1920 ut
317 1847 470 1949 desuper
492 1854 607 1925 securi
626 1853 795 1927 edificent
806 1870 842 1927 et
854 1854 948 1927 bene
966 1871 1201 1940 construant,
1228 1851 1457 1954 habeantque
1473 1852 1659 1924 licentiam

259 1969 437 2045 vendendi
451 1974 508 2045 vel
525 1972 632 2046 dandi
647 1973 798 2048 eandem
811 1976 955 2048 vineam
970 1977 1188 2075 cuicumque
1201 1975 1399 2049 voluerint.
1413 1976 1491 2048 Hoc
1502 1972 1659 2074 denique

258 2089 399 2166 donum
425 2094 505 2170 ideo
522 2097 648 2185 etiam,
677 2112 753 2172 tota
776 2098 887 2170 animi
905 2096 1118 2187 devotione,
1141 2099 1435 2197 procuravimus,
1451 2082 1623 2197 quatinus
1640 2121 1659 2168 a

259 2218 479 2315 praescriptis
493 2219 696 2308 canonicis,
713 2217 946 2294 habundante
966 2221 1035 2292 illis
1056 2237 1211 2303 terrenae
1228 2219 1440 2292 substantiae
1456 2203 1610 2307 viatico,
1621 2218 1658 2291 in

259 2339 430 2436 praesenti
448 2340 600 2413 liberius
618 2369 637 2415 a
654 2351 660 2379 ¹
687 2369 842 2442 superna
861 2342 1030 2416 tendatur
1047 2358 1084 2417 et
1102 2345 1140 2415 in
1159 2341 1377 2443 supradicta
1396 2342 1492 2415 Petri
1513 2356 1660 2441 aposto-

259 2459 381 2534 lorum
402 2463 579 2562 principis
596 2465 754 2537 aecclesia
772 2465 914 2564 plenius
937 2463 1070 2537 divinae
1091 2465 1275 2539 servitutis
1292 2463 1507 2564 expleantur
1524 2463 1657 2552 officia,

260 2582 440 2686 nobisque
460 2586 498 2657 in
515 2586 719 2661 caelestibus
732 2586 932 2661 reddantur
949 2587 1032 2661 inde
1050 2589 1357 2663 remunerationis
1369 2587 1519 2688 praemia
1533 2601 1661 2659 centu-

259 2705 402 2804 plicata.
424 2710 460 2781 Si
478 2711 560 2810 quis
579 2729 700 2785 autem
718 2738 964 2789 successorum
981 2729 1196 2788 nostrorum
1212 2711 1270 2785 vel
1286 2710 1353 2783 alia
1370 2709 1488 2811 aliqua
1505 2734 1659 2809 persona

261 2825 353 2900 banc
378 2828 586 2906 donationis
609 2836 779 2934 paginam
806 2837 941 2910 violare
961 2837 1245 2937 presumpserit,
1273 2835 1365 2907 iram
1382 2833 1446 2906 Dei
1476 2833 1657 2923 incurrat,

175 3049 176 3053 Ἰ
259 2948 384 3022 beatus
414 2953 542 3026 Petrus
566 2958 598 3029 ei
624 2960 827 3032 contrarius
854 2959 937 3044 fiat,
967 2975 1003 3033 et
1028 2961 1196 3032 inimicus
1226 2984 1309 3031 cum
1335 2956 1465 3030 ceteris
1488 2956 1661 3056 apostolis

258 3072 447 3162 omnibus;
468 3077 618 3151 caelestis
632 3081 735 3180 regni
751 3081 846 3155 ovile
866 3082 1006 3181 ingredi
1023 3108 1100 3156 non
1116 3096 1317 3169 mereatur,
1335 3082 1436 3177 eujus
1454 3077 1568 3151 claves
1586 3079 1661 3178 ipse

258 3210 400 3284 tenere,
415 3197 575 3274 Domino
585 3199 761 3300 largiente
769 3255 779 3290 ,
793 3203 997 3276 dinoscitur
1003 3202 1295 3292 ,calumniatoris
1311 3200 1493 3275 temeritas
1502 3201 1660 3299 paenitus

256 3315 470 3410 frustretur,
489 3348 648 3423 praesens
660 3351 808 3426 quoque
820 3329 1017 3401 auctoritas
1029 3324 1249 3401 inviolabilis
1263 3349 1431 3398 mansura
1443 3321 1657 3398 roboretur.

259 3438 445 3532 Quatenus
458 3469 545 3519 vero
559 3443 636 3519 haec
649 3448 779 3547 pagiua
792 3448 943 3522 validius
956 3448 1139 3522 firmitatis
1159 3445 1325 3521 obtineat
1336 3445 1474 3531 robur,
1490 3442 1659 3518 manibus

257 3565 416 3664 propriis
432 3592 511 3639 eam
527 3567 894 3662 subterfirmavimus,
911 3587 948 3645 et
966 3572 1150 3646 canonicis
1163 3586 1300 3644 nostrae
1318 3567 1488 3643 aecclesiae
1506 3591 1568 3640 seu
1585 3565 1660 3638 lra-

258 3684 377 3758 tribus
388 3689 464 3786 jam
489 3687 578 3761 dicti
596 3694 806 3766 monasterii
832 3703 872 3765 ac
888 3694 1046 3796 reliquis
1072 3690 1239 3767 fidelibus
1259 3691 1394 3765 nostris
1414 3687 1658 3764 roborandam

257 3805 492 3883 decrevimus.
502 3810 763 3911 Ragenfredus,
775 3814 978 3891 Carnotum
988 3815 1138 3916 praesul,
1151 3813 1257 3914 hujus
1267 3813 1478 3888 donationis
1490 3811 1660 3912 paginam

257 3928 344 4002 fecit
361 3958 402 4002 ac
419 3930 622 4008 roboravit.
641 3933 834 4026 Graulfus,
849 3935 972 4012 abbas.
989 3936 1197 4025 VVaracco,
1218 3934 1412 4038 presbiter.
1434 3931 1657 4021 Bernardus,

257 4050 448 4149 presbiter.
468 4054 739 4154 Ragenbaldus‚
753 4059 946 4158 presbiter.
964 4058 1170 4151 Arduinm,
1191 4060 1314 4132 levita.
1337 4058 1515 4148 Alcarius,
1534 4056 1656 4130 levita.

257 4174 471 4265 Aimerious,
490 4176 612 4251 levita.
633 4180 844 4271 Malbertus,
863 4183 985 4258 levita.
1006 4183 1211 4271 Ebroinus,
1230 4182 1351 4256 levita.
1371 4178 1515 4268 VVido,
1534 4179 1656 4253 levita.

257 4293 458 4387 Ardradus,
479 4298 673 4398 presbiter.
693 4304 807 4394 lsaac,
833 4305 1026 4405 presbiter.
1048 4302 1232 4376 Ardradus
1244 4358 1255 4393 ,
1275 4302 1396 4376 levita.
1424 4301 1657 4390 Lambertus,

257 4418 510 4495 subdiaconus.
531 4421 742 4514 Gauslinus,
759 4426 1017 4504 subdiaconus.
1042 4426 1267 4515 Hunbertus,
1282 4425 1448 4499 clericus.
1464 4425 1656 4512 Heirveus,

258 4540 423 4617 clericus.
442 4544 570 4635 Dodo,
596 4546 760 4620 clericus.
786 4546 920 4622 Actum
946 4550 1115 4625 Carnotis
1139 4530 1295 4622 civitatis
1325 4548 1364 4619 in
1392 4546 1502 4621 domo
1523 4544 1659 4617 *matris

257 4665 440 4740 aecclesiae.
460 4668 549 4742 Data
564 4668 642 4743 idus
650 4672 747 4770 junii
760 4696 859 4747 anno
875 4697 941 4746 xtu
957 4687 1133 4773 regnante
1150 4670 1336 4746 Ludovico
1351 4695 1437 4770 rege
1451 4667 1620 4742 feliciter.
1637 4694 1655 4736 a

302 4939 310 4967 ¹
333 4928 404 5012 Leg.
422 4929 472 4989 ad.

1462 5035 1485 5108 5
