4462 6120
728 739 766 811 s.
793 734 934 809 rursu
961 729 1301 805 cauuoruusrs.
1646 728 1713 797 nu

766 943 1120 1035 CAPITULUM
1152 942 1278 1029 VIII.

693 1120 738 1181 De
753 1134 830 1181 terra
843 1118 909 1178 data
926 1120 956 1176 in
972 1117 1040 1176 villa
1054 1138 1116 1197 quac
1130 1115 1236 1175 dicitur
1251 1115 1349 1173 Pinus.

376 1336 393 1373 a
415 1307 456 1376 ln
477 1302 608 1375 Christi
630 1300 793 1375 nomine.
820 1298 900 1398 Ego
922 1297 1026 1369 miles
1049 1296 1231 1370 Guarinus
1247 1293 1291 1367 de
1308 1311 1425 1370 castro
1442 1293 1576 1368 Drocas
1588 1348 1599 1383 ‚
1621 1294 1716 1368 filius
1743 1308 1836 1352 Antea
1849 1302 1918 1351 ¹⁰³⁴·
2037 1346 2040 1351 -

323 1426 502 1513 Albcrici,
529 1423 654 1497 militis
681 1419 879 1522 Ragenoldi
906 1417 1146 1508 vicedomini,
1171 1436 1303 1493 notum
1332 1445 1404 1492 esse
1435 1418 1518 1494 volo
1547 1416 1718 1492 omnibus

324 1547 526 1621 christianis
536 1544 776 1646 praesentibus
786 1559 894 1644 atque
905 1541 1052 1631 futuris,
1072 1541 1229 1642 qualiter
1242 1542 1374 1614 Sancto
1383 1542 1490 1614 Petro
1503 1544 1715 1617 Carnotensi

324 1669 518 1762 coeuobio,
543 1670 600 1741 cui
624 1665 837 1741 venerabilis
855 1664 962 1737 abbas
979 1664 1157 1737 Arnulfus
1174 1680 1326 1764 praeest,
1345 1692 1413 1764 pro
1431 1666 1548 1737 anima
1566 1689 1643 1738 mea
1661 1666 1717 1738 vel

324 1809 516 1892 parentum
528 1817 713 1878 meorum,
730 1788 829 1863 dono
842 1786 989 1862 alodum
1004 1814 1125 1859 meum
1145 1788 1181 1858 in
1197 1814 1289 1887 pago
1306 1788 1524 1864 Drocassino
1541 1787 1584 1860 ad
1599 1787 1721 1861 villam

323 1942 406 2018 quae
421 1931 571 1989 vocatur
584 1913 709 2000 Pinus,
725 1928 904 2012 quantum
917 1910 1046 1981 suflicit
1060 1908 1104 1980 ad
1117 1906 1208 1982 duos
1221 1908 1331 1983 boves
1345 1907 1388 1980 ad
1403 1936 1530 1984 omnes
1547 1911 1718 1999 sationes;

324 2063 361 2110 ca
387 2037 529 2110 ratione
548 2051 589 2107 ut
611 2032 772 2134 quandiu
794 2034 920 2108 vixero
942 2049 1083 2106 teneam
1108 2032 1206 2103 illam
1231 2049 1385 2122 terram,
1412 2050 1448 2105 et
1471 2033 1721 2106 investituram

324 2157 452 2231 habeat
476 2159 629 2229 Sanctus
653 2155 781 2226 Petrus
805 2169 841 2224 et
868 2153 982 2250 campi
1010 2169 1152 2252 partem
1175 2169 1212 2225 et
1233 2153 1408 2226 decimam
1430 2153 1474 2228 de
1494 2182 1553 2228 me
1570 2157 1663 2229 sicut
1679 2155 1722 2228 de

325 2307 400 2353 uno
417 2297 602 2354 extraneo.
617 2281 667 2352 Et
682 2293 724 2348 ut
737 2274 814 2348 baec
830 2274 964 2349 noticia
984 2276 1032 2345 sit
1048 2274 1191 2347 firmior
1207 2302 1272 2376 per
1289 2279 1431 2363 omnia,
1450 2279 1539 2351 meis
1556 2276 1723 2351 manibus

325 2403 430 2473 istam
452 2417 587 2472 cartam
604 2397 708 2496 posui
728 2422 836 2495 super
855 2394 965 2468 altare
988 2396 1109 2470 Sancti
1129 2396 1248 2487 Petri,
1267 2396 1473 2472 videntibus
1491 2396 1546 2472 bis
1562 2425 1722 2502 quorum

326 2523 473 2595 nomina
503 2519 705 2620 subscripta
735 2534 881 2590 suntet
907 2516 984 2589 aliis
1014 2518 1305 2618 quamplurimis.
1338 2522 1388 2593 Et
1410 2540 1533 2621 postea
1566 2523 1721 2615 Drocas,

325 2643 532 2717 videntibus
546 2662 582 2715 et
594 2639 841 2714 annuentibus
853 2642 941 2713 meis
953 2640 1157 2716 senioribus
1172 2641 1330 2718 Riboldo
1344 2661 1381 2716 et
1392 2644 1568 2735 Ansoldo‚
1585 2664 1621 2719 ct
1637 2674 1723 2723 con-

327 2765 523 2839 tribulibus
534 2765 622 2837 meis
634 2765 697 2866 qui
708 2762 869 2851 aderant,
887 2760 953 2835 feci
969 2761 1099 2863 legere;
1117 2782 1152 2836 et
1165 2764 1386 2838 monachum
1398 2767 1519 2840 Sancti
1535 2769 1630 2841 Petri
1643 2772 1723 2843 misi

327 2890 365 2959 in
380 2885 543 2974 alodum,
560 2887 637 2958 vice
654 2885 775 2956 Sancti
795 2885 911 2971 Petri,
930 2902 966 2956 et
983 2884 1042 2958 ille
1059 2913 1117 2958 me
1134 2884 1250 2975 foras,
1272 2889 1366 2960 sicut
1382 2904 1435 2962 est
1453 2889 1691 2967 consuetudo.
1706 2924 1723 2960 a

376 3011 418 3081 ln
437 3007 639 3108 supradicta
656 3006 761 3094 villa,
780 3022 863 3105 post
882 3007 996 3077 multa
1015 3009 1195 3080 curricula
1213 3036 1414 3100 annorum,
1434 3010 1581 3112 quidam
1596 3040 1726 3089 mona-

330 3132 418 3204 chus
435 3132 557 3203 Sancti
579 3130 695 3218 Petri,
720 3126 947 3228 llildegarius
972 3129 1139 3219 nomine,
1167 3129 1211 3201 ab
1235 3132 1400 3231 agricolis
1423 3134 1518 3205 illius
1536 3138 1625 3208 emit
1648 3165 1724 3213 non

328 3254 507 3330 modicam
524 3268 663 3352 partem
681 3269 802 3324 terrae.
822 3248 961 3324 Guaszo
974 3275 1121 3351 quoque
1139 3251 1198 3324 ille
1215 3251 1471 3327 famosissimus
1484 3281 1580 3328 areas
1594 3255 1727 3334 domo-

328 3404 413 3450 rum
429 3394 466 3449 et
480 3375 643 3448 curtillos
657 3373 772 3463 villae,
792 3374 944 3474 pecunia
960 3370 1060 3460 data,
1080 3374 1169 3446 emit
1186 3375 1320 3467 abeis,
1338 3379 1491 3477 penuria
1508 3379 1644 3467 victus,
1663 3378 1728 3454 de-

328 3499 453 3600 ditque
467 3502 600 3571 Sancto
614 3498 736 3585 Petro,
757 3524 825 3597 pro
838 3499 949 3569 salute
960 3496 1091 3569 animae
1109 3524 1196 3588 suae,
1214 3515 1250 3571 et
1266 3498 1439 3601 agricolas
1453 3518 1540 3600 aput
1552 3501 1725 3579 Sanctum

330 3620 528 3722 Georgium
544 3620 681 3692 abitare
699 3619 799 3693 fecit.

383 3816 564 3916 'Expletis
580 3815 737 3917 denique
754 3815 861 3887 cartis
877 3815 1071 3892 scribendo
1090 3842 1179 3918 quas
1197 3819 1282 3892 novi
1307 3845 1381 3894 esse
1397 3819 1626 3920 profuturas,
1650 3820 1727 3894 illas

330 3966 403 4013 esse
417 3937 673 4039 relinquendas
690 3939 888 4011 existimari
913 3940 950 4011 in
972 3940 1105 4041 quibus
1119 3941 1397 4018 rememorando
1413 3942 1514 4016 nulla
1531 3943 1667 4017 utilitas
1684 3944 1727 4016 ad

330 4087 476 4160 presens
499 4077 663 4161 putatur.
683 4060 821 4135 Verum
837 4060 881 4134 de
902 4061 1009 4139 beato
1033 4065 1131 4156 viro,
1152 4063 1289 4137 scilicet
1309 4063 1440 4140 abbate
1459 4065 1635 4156 Arnulfo,
1659 4067 1728 4141 sub

332 4186 432 4281 cujus
448 4180 574 4255 diebus
589 4181 756 4281 praefatas
770 4200 882 4255 cartas
896 4185 1066 4257 novimus
1081 4184 1162 4259 fore
1178 4184 1289 4258 saetas
1297 4241 1308 4276 ,
1329 4187 1459 4262 cudere
1475 4187 1628 4289 dignum
1639 4188 1726 4262 duxi

331 4304 423 4376 mala
443 4330 526 4405 quae
543 4331 561 4375 a
582 4302 787 4378 domesticis
806 4306 843 4377 in
861 4322 1045 4379 senectute
1062 4331 1124 4379 sua
1140 4335 1261 4408 passus
1279 4327 1341 4383 est.
1362 4311 1446 4386 Fuit
1463 4313 1561 4386 enim
1577 4338 1595 4384 a
1611 4337 1727 4413 puero

332 4452 505 4501 monacus
527 4443 563 4500 et
586 4426 736 4526 adplene
752 4427 973 4502 monialibus
999 4427 1128 4503 studiis
1151 4431 1338 4523 eruditus,
1363 4435 1493 4535 pudice
1517 4464 1623 4536 agens
1639 4434 1725 4511 ado-

332 4550 540 4622 lescentiam
561 4574 683 4643 suam,
708 4549 887 4652 bonisque
904 4550 1075 4651 operibus
1091 4552 1257 4653 quotidie
1273 4580 1470 4646 exornans,
1491 4560 1624 4631 meruit
1643 4576 1726 4658 post

332 4671 591 4772 Magenardum
607 4672 776 4747 abbatem
795 4700 814 4745 a
831 4671 969 4749 domno
990 4672 1166 4751 Fulherto
1184 4677 1340 4776 praesule
1362 4681 1492 4754 sacrari
1515 4697 1552 4753 et
1574 4681 1613 4752 in
1628 4682 1729 4781 regi-

333 4794 433 4866 mine
454 4791 610 4868 abbatiae
635 4794 839 4895 subrogari.
864 4797 974 4895 Cujus
998 4797 1070 4869 vita
1091 4813 1129 4870 et
1147 4799 1358 4875 innocentia
1384 4828 1422 4875 ea
1450 4816 1659 4903 tempestate
1682 4826 1727 4877 eo

378 4976 387 5003 ¹
403 4967 490 5026 Deest
502 4967 561 5026 haec
576 4970 701 5028 narratio
715 4971 745 5029 in
762 4966 861 5028 codice
874 4964 909 5027 Β.
