4462 6120
421 676 468 746 28
942 667 1289 745 MONASTERIUM

423 820 510 891 tiam
520 815 749 892 venundandi
759 833 822 889 aut
832 813 1062 890 condonandi
1073 814 1217 886 cuicum
1229 814 1543 906 voluerint,salvo
1547 817 1630 914 jure
1639 813 1817 888 ecclesias·

423 942 509 1030 tico,
524 942 617 1012 sicut
633 966 711 1014 mos
721 941 801 1040 pagi
815 956 882 1028 est,
898 939 953 1011 vel
968 939 1062 1010 sicut
1074 938 1112 1010 in
1127 935 1274 1012 archivo
1288 937 1394 1037 hujus
1407 939 1576 1013 aecclesiae
1591 937 1814 1010 continetur.

422 1063 607 1156 Quatenus
622 1089 708 1137 vero
723 1062 800 1136 haec
810 1061 1042 1135 manusfirma
1057 1059 1275 1135 inviolabilis
1290 1087 1355 1161 per
1366 1060 1540 1135 diuturna
1557 1078 1720 1159 tempora
1735 1084 1817 1159 per·

421 1201 582 1273 maneat,
604 1183 772 1258 manibus
788 1183 914 1257 domni
936 1183 1050 1282 Agani
1068 1182 1231 1281 praesulis
1252 1184 1404 1257 senioris
1429 1185 1545 1257 nostri
1571 1180 1818 1256 corroboran-

420 1306 502 1378 dam
515 1306 733 1396 obtulimus,
754 1323 790 1381 et
807 1334 873 1382 nos
896 1305 1062 1380 similiter
1080 1303 1208 1379 libenti
1234 1307 1377 1395 animo,
1401 1306 1506 1381 nullo
1523 1303 1814 1390 contradicente,

420 1428 780 1503 subterfirmavimus.

471 1581 489 1620 a
502 1552 635 1623 Actum
647 1552 814 1626 Carnotis
824 1552 981 1640 civitate,
999 1552 1034 1623 in
1047 1549 1157 1626 domo
1168 1551 1473 1627 matrisaecclesiae
1482 1550 1641 1652 publice.
1656 1549 1815 1648 Aganus,

420 1669 566 1745 humilis
583 1674 860 1747 Carnotensium
882 1675 1084 1774 episcopus.
1105 1673 1262 1762 Sanson,
1284 1673 1476 1774 presbiter.
1498 1672 1626 1760 Aimo,
1646 1669 1814 1745 decanus.

420 1795 610 1870 Deotimus
622 1849 632 1883 ,
666 1794 860 1895 presbiter.
891 1795 1084 1885 Adelveus,
1116 1794 1309 1896 presbiter.
1343 1795 1571 1896 Frodgingus
1583 1849 1594 1884 ,
1624 1792 1815 1894 presbiter.

420 1917 618 2007 Cleotinus,
639 1918 830 2017 presbiter.
850 1917 1062 2019 Aregarius,
1084 1917 1222 1991 levites.
1243 1917 1444 2006 Arduinus,
1466 1917 1587 1989 levita.
1614 1913 1815 2002 Ansoldus,

420 2038 673 2115 subdiaconus.
694 2040 782 2112 Data
800 2042 907 2114 nonis
921 2043 1039 2141 junii,
1056 2066 1232 2117 annovnr
1257 2057 1432 2142 regnante
1455 2038 1637 2127 Rodulfo,
1662 2037 1819 2112 serenis-

419 2162 511 2237 simo
528 2188 625 2263 rege.
646 2161 906 2264 Ragenfredus,
922 2162 1070 2236 humilis
1087 2163 1209 2254 levita,
1225 2161 1268 2235 ad
1284 2163 1401 2237 vicem
1415 2161 1610 2236 Clementis
1625 2158 1817 2261 presbiteri

421 2302 455 2357 et
472 2285 691 2377 cancellarii,
708 2287 863 2386 scripsit.
881 2317 899 2356 n
1002 2380 1006 2385 Ι

882 2543 1232 2636 CAPITULUM
1266 2546 1344 2635 IV.

421 2743 465 2801 De
484 2743 680 2804 Germinionis
695 2743 772 2803 Villa
797 2745 943 2803 canonicis
960 2743 1072 2803 reddita
1093 2757 1122 2804 ct
1145 2744 1305 2803 condonata
1327 2745 1363 2803 ab
1382 2746 1517 2825 episcopo
1536 2744 1728 2826 Regenfredo.
1745 2743 1819 2804 llem

464 2854 492 2909 in
510 2851 612 2910 eodem
627 2851 685 2911 duo
700 2851 864 2928 adjacentia
887 2850 1010 2910 Plaiseni
1035 2851 1111 2911 Villa
1133 2866 1161 2912 ct
1184 2852 1349 2911 Moirollum
1372 2852 1491 2912 Villare.
1514 2852 1588 2911 Item
1607 2854 1637 2910 in
1659 2851 1760 2912 eodem
1783 2850 1820 2911 de

463 2959 530 3019 Ursi
556 2961 660 3020 Villari
688 2960 826 3019 aecclesia.
857 2960 891 3018 In
916 2958 1016 3020 codem
1041 2960 1077 3020 de
1103 2960 1229 3020 aecclesia
1255 2959 1394 3018 Immonis
1418 2960 1496 3020 Ville
1523 2982 1588 3019 curn
1615 2981 1672 3019 vrn
1698 2960 1818 3022 mansis.

464 3069 499 3127 ln
522 3067 666 3127 Ginnonis
690 3067 767 3127 Villa
790 3067 826 3126 de
848 3066 960 3126 duobus
980 3069 1096 3128 mansis.
1109 3069 1152 3127 De
1173 3066 1277 3128 Bodasi
1297 3067 1423 3127 ecclesia
1440 3080 1469 3127 et
1486 3066 1522 3126 de
1540 3079 1614 3126 terra
1632 3066 1706 3126 infra
1724 3087 1821 3126 muros

464 3177 595 3235 civitatis.

474 3412 492 3448 a
507 3377 808 3454 Orthodoxorum
817 3394 964 3476 patrum
976 3394 1013 3451 et
1023 3375 1185 3452 fidelium
1197 3376 1482 3477 praecedentium
1492 3379 1720 3479 maximeque
1730 3403 1823 3477 pon·

426 3501 566 3575 tilicum
586 3501 757 3576 cordibus
774 3499 896 3572 divina
919 3500 1032 3599 gratia
1053 3498 1248 3573 salubriter
1268 3500 1479 3598 inspirarit,
1501 3499 1546 3573 ab
1567 3500 1720 3576 exordio
1740 3526 1824 3573 nas·

424 3627 540 3698 centis
553 3623 759 3697 christianae
770 3623 971 3722 religionis,
983 3637 1027 3694 ut
1038 3648 1206 3721 sponsam
1217 3620 1367 3711 Christi,
1384 3639 1647 3698 sacrosanctam
1656 3621 1824 3696 videlicet

426 3746 656 3834 AEcclesiam,
684 3769 794 3846 quam
819 3743 914 3818 idem
939 3743 1115 3818 mediator
1141 3744 1208 3816 Dei
1237 3758 1273 3817 et
1300 3741 1511 3832 hominum,
1531 3741 1642 3818 homo
1660 3742 1823 3817 Christus

424 3866 570 3957 Jhesus,
595 3867 663 3940 sibi
688 3864 873 3941 insolubili
896 3865 1040 3964 glutino
1063 3864 1265 3964 copulavit,
1291 3891 1356 3964 per
1377 3865 1515 3939 diversa
1540 3866 1618 3942 loca
1641 3882 1822 3940 terrarum

425 3988 622 4064 fundarent
638 4007 675 4064 et
689 3989 734 4063 de
748 3989 856 4063 rebus
874 3987 1135 4090 temporalibus
1152 3987 1342 4063 honestare
1354 4005 1463 4089 atque
1479 3987 1673 4061 sublimare
1688 4012 1825 4089 procu·

426 4129 563 4186 rarent.
588 4114 730 4188 Horum
753 4113 867 4211 igitur
887 4111 1049 4210 exempla
1069 4110 1146 4211 pia,
1172 4136 1255 4183 cum
1273 4107 1459 4185 catholicis
1480 4127 1518 4183 et
1540 4111 1717 4211 religiosis
1736 4111 1824 4212 qui-

426 4234 566 4336 busque
593 4237 631 4308 in
664 4261 858 4310 commune
891 4233 1092 4307 habeantur
1118 4229 1254 4333 agenda
1278 4251 1315 4307 et
1341 4232 1497 4307 fideliter
1520 4232 1694 4305 imitanda
1716 4231 1824 4309 nohis

426 4357 556 4457 procul
576 4356 703 4447 dubio,
723 4356 882 4457 ejusdem
898 4358 1035 4429 scilicet
1051 4372 1184 4428 sanctae
1204 4357 1330 4428 matris
1346 4356 1530 4430 AEcclesiae
1552 4352 1822 4455 provisoribus,

425 4481 697 4583 vigilantissima
721 4479 967 4556 sollicitudine
990 4479 1177 4580 specialius
1200 4494 1254 4552 est
1275 4478 1567 4580 procurandum,
1599 4476 1648 4553 ob
1672 4501 1825 4551 veneru-

428 4606 567 4678 tionem
592 4605 714 4704 sponsi
741 4604 855 4693 illius,
883 4604 965 4704 agni
992 4603 1161 4677 videlicet
1187 4604 1428 4691 immaculati,
1455 4628 1552 4692 eam,
1580 4626 1648 4699 pro
1675 4601 1767 4672 scire
1788 4613 1826 4672 et

428 4751 531 4825 posse
552 4742 701 4814 nostro,
727 4727 899 4826 congruis
915 4725 1119 4802 honoribus
1139 4724 1310 4800 decorare
1332 4742 1369 4798 et
1389 4750 1514 4798 rerum
1536 4721 1824 4822 competentium

431 4846 650 4921 utilitatibus
672 4847 856 4947 ampliare.
883 4845 1031 4921 Talibus
1049 4848 1223 4949 exemplis
1242 4864 1390 4948 patrum
1409 4845 1647 4933 informatus,
1669 4857 1707 4920 et
1728 4841 1825 4914 salu·
