4462 6120
741 749 779 827 S.
800 744 942 822 emm
969 743 1310 819 cannu‘rnnsls.
1449 818 1453 825 ,
1662 738 1730 810 ns

773 1021 1145 1166 carrrutun
1181 1028 1292 1134 xx.

846 1281 893 1342 De
906 1280 1035 1340 aeclesia
1050 1278 1217 1340 llantilioci.

383 1507 611 1601 «Neminem
636 1523 851 1602 orthodoxae
878 1515 960 1598 fidei
985 1523 1171 1596 catholicae
1196 1520 1433 1621 professionis
1458 1521 1579 1595 latere*
1594 1544 1727 1618 usque-
1754 1537 1851 1585 Antea.
1868 1537 1937 1583 1070.

332 1651 512 1749 quaquam
520 1647 712 1737 credimus,
724 1644 1099 1748 quautaexcellentia,
1110 1661 1183 1718 tam
1196 1645 1234 1718 iu
1244 1646 1400 1744 presenti
1413 1669 1520 1744 quam
1533 1643 1571 1714 in
1583 1641 1724 1729 futuro,

330 1770 491 1870 polleant
514 1773 602 1872 qui,
626 1767 705 1870 pro'
721 1771 871 1865 nomine
892 1768 1047 1858 Christi,
1072 1795 1115 1841 ex
1137 1768 1295 1867 propriis
1316 1763 1550 1843 facultatibus
1571 1764 1727 1864 aliquam

330 1894 536 1993 largitatem
548 1896 680 1966 sanctis
696 1893 737 1966 ac
751 1892 918 1966 fidelibus
935 1896 1029 1992 ejus,
1049 1889 1154 1963 hilari
1172 1893 1313 1979 animo,
1332 1888 1499 1990 prebent.
1519 1890 1611 1960 Cum
1628 1889 1724 1961 enim

329 2016 473 2089 nonsit
495 2015 665 2115 possibile
687 2009 888 2115 quemlibet
909 2012 1100 2087 hominum
1127 2013 1374 2112 corruptionis
1399 2037 1472 2082 suae
1494 2009 1612 2082 labem
1635 2009 1726 2080 effu-

329 2145 432 2238 gere,
454 2139 715 2239 inmunemque
734 2137 868 2238 pocomi
889 2137 927 2208 in
945 2134 1011 2209 hac
1028 2135 1233 2235 corruptela
1253 2137 1392 2223 vivere,
1413 2132 1573 2233 providit
1590 2132 1670 2232 pius
1690 2146 1725 2204 et

328 2261 534 2334 misericors
547 2258 720 2361 quasdam
730 2259 952 2347 occasiones,
972 2284 1034 2332 seu
1049 2260 1317 2359 oportunitates
1330 2257 1463 2359 quibus
1479 2255 1582 2328 facile
1601 2272 1724 2328 nostra

319 2381 655 2482 ³valeamuspeccata
667 2381 857 2455 redimere.
874 2380 1049 2483 Equibus
1059 2378 1231 2456 omnibus
1244 2380 1304 2452 illa
1317 2379 1390 2455 duo
1405 2381 1545 2451 suavius
1558 2377 1725 2451 redolent

327 2501 584 2591 medicamina,
611 2507 792 2605 egrotanti
816 2507 947 2577 animae
970 2504 1180 2591 familiaria,
1206 2503 1251 2575 de
1274 2501 1409 2602 quibus
1430 2503 1541 2601 ipsius
1562 2501 1723 2573 veritatis

327 2649 397 2698 vox
415 2627 462 2696 sit
478 2627 623 2700 intonat
638 2623 741 2698 beata
758 2657 766 2696 :
783 2627 882 2698 Date
896 2639 931 2697 et
943 2625 1095 2699 dabitur
1106 2627 1229 2713 uobis,
1245 2640 1282 2697 et
1298 2626 1431 2697 iterum
1448 2632 1456 2695 ¹:
1474 2622 1603 2696 Facite
1617 2621 1722 2695 uobis

328 2749 467 2819 amicos
486 2745 534 2819 de
551 2747 764 2818 mammona
782 2746 1006 2845 iniquitatis,
1028 2761 1064 2818 et
1081 2745 1170 2817 illud
1191 2775 1200 2817 ε
1221 2748 1319 2818 Date
1340 2745 1573 2819 elemosinam
1590 2761 1625 2816 et
1640 2770 1724 2817 ecce

327 2872 453 2941 emnia
473 2868 613 2940 munda
630 2883 713 2940 sunt
731 2868 855 2955 uobis,
878 2885 915 2939 et
935 2897 943 2937 :
964 2867 1069 2941 Sicut
1092 2894 1193 2967 aqua
1211 2870 1394 2969 extinguit
1414 2872 1555 2968 ignem,
1577 2870 1631 2940 itu
1647 2868 1722 2939 ele-

314 2991 471 3077 mosina
486 3004 699 3090 peecatum:
719 2987 825 3060 Unde
847 3004 883 3060 et
904 3012 971 3087 ego
993 2989 1197 3061 Bernartius
1220 2991 1321 3062 miles
1338 2988 1384 3062 de
1402 3006 1519 3063 castro*
1540 2989 1719 3078 Ebroico,

327 3128 424 3183 tanta
442 3107 665 3186 adortamina
685 3111 873 3210 scripturae
890 3107 1023 3183 dirinae
1040 3125 1163 3184 mente
1177 3110 1424 3198 considerans,
1443 3137 1615 3184 unacum
1632 3139 1722 3187 con-

326 3257 433 3306 sensu
455 3234 606 3307 senioris
628 3234 698 3306 mei
725 3232 901 3306 liodberti
924 3231 1063 3334 filiique
1087 3234 1196 3332 ipsius
1214 3232 1410 3322 liodberti,
1429 3258 1472 3305 ex
1490 3237 1593 3332 cujus
1608 3233 1721 3307 bene-

326 3355 410 3431 ficio
428 3372 498 3445 est,
519 3354 607 3432 cedo
621 3354 663 3429 ad
679 3356 801 3430 locum
813 3356 1050 3435 SanctiPetri
1067 3355 1314 3445 carnotensis,
1334 3372 1371 3429 et
1384 3354 1571 3431 monachis
1586 3355 1719 3430 ibidem

325 3478 402 3554 Deo
424 3477 701 3567 famulantibus,
727 3479 909 3579 quandam
930 3478 1149 3566 aecclesiam,
1177 3503 1261 3550 cum
1283 3479 1383 3551 omni
1410 3478 1547 3551 decima
1572 3503 1655 3580 quae
1680 3480 1718 3551 in

324 3624 407 3672 meo
422 3598 648 3687 dominicatu
670 3616 759 3675 erat.
784 3601 848 3672 Est
870 3616 991 3675 autem
1014 3602 1088 3700 ipsa
1113 3601 1269 3673 aecclesia
1293 3602 1331 3673 in
1354 3615 1549 3700 prospectu
1570 3600 1717 3676 Ebroici

326 3722 453 3811 castri,
475 3722 512 3794 in
535 3722 617 3794 villa
642 3748 724 3823 quae
741 3690 987 3917 &utillimus
1007 3739 1177 3812 vorsum,
1206 3737 1331 3824 estque
1353 3740 1488 3796 sacrata
1515 3725 1556 3796 in
1579 3722 1719 3798 honore

326 3844 492 3945 clavigeri
510 3845 621 3918 Petri.
641 3845 698 3920 Ilo
722 3845 761 3917 itr
787 3869 846 3917 em
867 3844 1050 3917 licentiam
1067 3847 1156 3918 meis
1173 3843 1371 3938 militibus,
1393 3847 1502 3936 ut,si
1522 3847 1720 3922 concedere

325 3969 508 4043 volueriut
531 3995 573 4042 ex
594 3967 748 4042 decimis*
765 3994 854 4072 quas
875 3994 919 4042 ex
946 3990 1004 4042 me
1027 3949 1172 4058 tenent,
1199 3969 1315 4044 eidem
1337 3967 1421 4043 loeo
1435 3970 1523 4043 dent
1545 3972 1621 4045 sine
1642 3973 1719 4049 ullo

325 4092 563 4165 contradictu.
578 4094 626 4164 Et
643 4107 684 4165 ut
699 4090 769 4166 hoe
781 4091 920 4166 dunum
933 4092 1081 4165 firmum
1092 4087 1202 4179 esset,
1218 4094 1317 4193 gravi
1332 4094 1565 4168 incommodo
1584 4109 1698 4167 tactus
1705 4150 1716 4185 ,

325 4210 369 4284 ab
386 4212 513 4285 abbate
533 4211 711 4287 landrico
729 4212 893 4286 habitum
912 4213 1152 4288 monachilem
1173 4212 1304 4287 ibidem
1319 4214 1469 4312 suscepi.
1486 4215 1522 4285 Si
1538 4216 1719 4314 quisvero

326 4336 446 4437 (quod
463 4334 578 4433 absit)
596 4335 729 4410 diaboli
751 4332 949 4428 instinctu,
969 4335 1039 4410 hoc
1056 4352 1193 4410 nostrae
1214 4336 1400 4437 mititatis
1420 4335 1557 4409 donum
1582 4338 1718 4409 inlrin-
1810 4314 1812 4318 ἁ

325 4485 407 4558 gere
422 4461 674 4560 temptaverit,
695 4461 786 4533 iram
801 4447 865 4533 Dei
885 4463 1048 4533 incurrat
1056 4489 1067 4549 3
1088 4460 1212 4533 beatus
1225 4461 1351 4532 Petrus
1368 4460 1419 4533 illi
1434 4462 1638 4534 contrarius
1655 4461 1717 4533 fiat

324 4593 361 4651 et
377 4579 563 4668 inimicus,
582 4607 665 4652 cum
682 4583 808 4655 ceteris
822 4581 994 4682 apostolis
1009 4581 1203 4673 omnibus3
1226 4583 1320 4656 ovile
1337 4581 1468 4655 Christi
1489 4584 1624 4655 intrare
1639 4608 1715 4656 non

324 4717 506 4774 mereatur
524 4705 625 4802 cujus
644 4703 704 4777 ille
722 4703 837 4778 claves
854 4731 872 4776 a
890 4730 1033 4778 summo
1051 4721 1193 4805 pastore
1210 4706 1382 4804 accepisse
1399 4704 1570 4777 creditur.
1592 4705 1715 4779 Testes

324 4821 429 4921 hujus
443 4825 498 4897 rei
513 4839 598 4896 sunt
614 4825 638 4896 ii
657 4848 748 4927 quos
765 4825 1054 4927 subscripsimus.
1076 4820 1283 4901 Radbertus
1297 4820 1419 4914 miles,
1440 4830 1524 4899 cum
1540 4824 1714 4900 Alhereda
1832 4886 1836 4892 .

324 4964 457 5034 uxore,
479 4955 516 5019 et
531 4944 717 5022 liudberto
734 4949 914 5038 filiosuo,
934 4964 970 5021 et
984 4947 1205 5049 hildeburge
1222 4970 1347 5023 uxore.
1369 4946 1715 5025 Radbertus-mona-
