4462 6120
730 748 769 820 S.
791 746 935 818 PETffl
961 742 1298 816 CARNOTENSIS.
1643 745 1711 818 165
1790 853 1792 864 Ι

326 891 361 964 id
379 906 646 991 retorqueatur.
666 890 806 966 Adibeo
827 892 937 964 etiam
957 891 1120 990 conjugis
1141 916 1231 969 meae
1251 887 1420 962 Ausindis
1437 904 1544 988 atque
1561 887 1625 961 filii
1642 888 1723 960 mei·

325 1013 421 1085 unici
453 1011 644 1086 Gisleberti
674 1028 711 1085 et
739 1013 897 1085 filiarum
926 1036 1088 1082 mearum
1114 1037 1351 1099 consensum,
1379 1010 1550 1110 quatinus
1576 1033 1715 1082 mecum

274 1200 277 1207 .
323 1133 578 1208 retributionis
592 1134 783 1232 participes
798 1159 871 1206 esse
886 1133 926 1204 in
940 1147 1074 1205 aeterna
1089 1133 1161 1203 vita
1175 1133 1329 1205 valeant.
1347 1130 1453 1223 Quod
1470 1131 1496 1202 si
1515 1128 1625 1202 michi
1643 1130 1716 1201 vita

325 1282 443 1331 comes
464 1255 595 1343 fuerit,
623 1280 663 1329 ac
685 1257 836 1355 propius
857 1251 900 1325 ad
923 1253 1040 1351 ipsum
1061 1252 1292 1341 coenobium,
1315 1253 1511 1325 monastice
1533 1253 1714 1337 victurus,

325 1377 490 1452 accedere
517 1377 669 1451 voluero
681 1429 692 1464 ,
723 1392 902 1476 qnantum
929 1374 1005 1446 Deo
1035 1371 1217 1446 facultatis
1247 1374 1381 1461 aderit,
1416 1383 1549 1473 augens
1578 1372 1716 1448 donum

325 1499 590 1597 supradictum,
608 1514 664 1583 et,
682 1498 775 1569 sicut
790 1497 840 1569 ait
855 1493 1153 1595 Psalmographus
1169 1525 1178 1566 z
1195 1495 1365 1568 Placabo
1382 1495 1582 1567 Dominum
1598 1521 1717 1566 nwum

326 1622 365 1691 in
380 1622 462 1692 vita
483 1647 587 1706 mea,·
601 1619 771 1718 psallam
789 1621 870 1691 Deo
891 1642 971 1690 meo
993 1618 1160 1716 qnandiu
1183 1644 1256 1690 ero.
1279 1617 1330 1688 Ut
1346 1633 1468 1688 autem
1489 1613 1567 1688 haec
1582 1616 1718 1687 cartula
1834 1675 1836 1678 ,

326 1741 544 1815 inviolabilis
560 1756 799 1840 permaneat,
823 1738 1046 1839 fidejussores
1070 1765 1132 1811 seu
1159 1755 1285 1827 testes,
1309 1737 1485 1810 subscribi
1507 1738 1605 1812 volui
1628 1768 1636 1809 ε
1657 1739 1720 1808 Ri-

325 1858 498 1933 cbardum
512 1861 701 1949 cleri-cum;
716 1858 912 1933 Adraldum
922 1876 958 1934 et
970 1860 1207 1946 Bernardum,
1222 1860 1353 1932 fratres
1364 1863 1458 1958 ejns3
1475 1859 1717 1948 Gualterium‚

326 1996 496 2080 nepotem
520 2006 663 2070 meum,
692 1981 920 2080 praenomine
946 1980 1162 2066 Postellum3
1187 1978 1443 2053 Marcuardum
1467 1978 1511 2052 de
1535 1978 1715 2052 Givriaco.

326 2099 511 2177 subscribi
524 2101 623 2176 volui
640 2099 813 2200 quosdam
832 2099 1056 2173 audientium
1072 2117 1109 2173 et
1125 2099 1345 2189 videntium,
1366 2117 1424 2187 ut,
1444 2101 1470 2172 si
1490 2098 1586 2173 sorte
1603 2098 1719 2199 (quod

324 2220 462 2320 absitt)
480 2222 607 2322 aliquis
623 2220 912 2296 huicdonationi
929 2223 1111 2297 contraire
1123 2222 1298 2307 voluerit,
1317 2247 1442 2295 omnes
1456 2220 1622 2293 adversus
1634 2245 1718 2293 eum

326 2359 562 2443 consurgant,
573 2347 775 2444 etpro-Deo
785 2344 944 2436 videant,
955 2361 998 2417 ut
1007 2348 1080 2443 ejus
1094 2347 1192 2417 nisus
1205 2371 1280 2418 non
1291 2344 1418 2417 valeat.
1432 2343 1540 2431 Urso,
1552 2345 1615 2443 qui
1627 2341 1719 2415 hanc

324 2465 560 2540 donationem
571 2465 672 2540 fecit.
688 2465 871 2555 Ausindis,
889 2492 982 2542 uxor
995 2470 1083 2565 ejus.
1099 2464 1335 2554 Gislebertns‚
1351 2464 1446 2538 fitius
1461 2448 1547 2564 ejus.
1564 2464 1717 2537 Gualte-

325 2588 399 2657 rins
417 2590 602 2677 Domnns,
623 2588 717 2662 filius
733 2589 891 2662 Viviani.
911 2589 1104 2680 Vivianus,
1129 2589 1225 2661 filius
1242 2592 1329 2688 ejus.
1356 2588 1606 2688 Hildeburgis,
1626 2615 1719 2663 uxor

326 2707 523 2783 VValterii.
540 2711 652 2785 Fulco
666 2712 893 2810 praepositus.
909 2710 1108 2785 Herbertus
1120 2710 1164 2784 de
1180 2712 1368 2785 Burseriis.
1386 2710 1563 2784 Rodulsus
1577 2708 1622 2782 dc
1638 2711 1719 2781 Cal-

326 2830 428 2904 liolo.
443 2829 653 2906 Amalricus.
669 2831 813 2905 Guiddo
826 2831 1015 2930 presbiter.
1030 2831 1228 2906 Herbertus
1240 2833 1428 2932 presbiter.
1444 2830 1610 2904 Giraldus
1621 2829 1722 2902 deca-

327 2977 408 3023 nus.
425 2953 619 3057 lsengrins.
636 2951 881 3026 Rainaldnsde
893 2956 999 3026 Harei
1013 2955 1136 3027 Curte.
1154 2954 1521 3027 RadulsusGruellus.
1535 2955 1612 3043 luo,
1629 2952 1721 3024 filius

326 3073 510 3145 Fulconis.
527 3073 754 3146 Radulfusde
765 3077 938 3149 Mercato.
955 3075 1168 3149 VVaiterius
1182 3076 1370 3151 Postellus.
1388 3074 1606 3164 Rodbertus,
1622 3074 1722 3145 intir-

325 3219 471 3265 morum
493 3211 626 3268 custos.
651 3192 866 3269 VValterius
882 3194 925 3266 de
947 3193 1093 3267 Groslu.
1116 3195 1374 3294 Leodegarius,
1395 3195 1490 3267 filius
1510 3194 1717 3292 Hildegarii.

326 3313 586 3388 Guausceiinus
602 3315 646 3389 de
662 3315 822 3389 Villaris.
842 3316 1049 3407 Otrannus,
1067 3314 1163 3388 filius
1179 3318 1267 3413 ejus.
1285 3346 1302 3384 υ

542 3706 549 3717 ἱ
650 3532 1049 3663 cirmnmu
1084 3554 1365 3664 xxxvm.

570 3821 614 3878 De
630 3818 736 3877 vicaria
751 3821 816 3877 atrii
832 3820 957 3878 acclesie
972 3820 1071 3879 Anetis
1086 3820 1177 3892 villa,
1195 3833 1224 3879 et
1240 3820 1485 3885 molendinorum.

380 4077 398 4115 «
415 4047 458 4118 ln
476 4046 626 4119 nomine
642 4061 774 4117 sanctae
797 4061 834 4118 et
856 4044 1051 4118 individuae
1072 4046 1277 4119 Trinitatis.
1302 4048 1381 4146 Ego
1400 4045 1567 4132 Adelina,
1591 4075 1723 4146 paren-
1747 4081 1839 4125 aaa...
1853 4079 1924 4126 issu
2025 4046 2030 4053 ⁶

330 4166 426 4239 tibus
448 4182 528 4240 orta
551 4166 747 4240 secundum
771 4168 879 4240 seculi
900 4166 1115 4268 dignitatem
1137 4166 1338 4255 natalibus,
1362 4169 1559 4244 clarissimo
1580 4169 1723 4244 cuidam

328 4287 427 4376 viro,
459 4287 608 4361 nominc
637 4285 848 4377 Rodberto,
874 4292 949 4387 jam
976 4288 1139 4362 secundis
1159 4290 1315 4387 nuptiis,
1340 4287 1514 4362 nobiliter
1534 4290 1719 4390 copulata3

329 4435 416 4508 ego,
433 4409 602 4509 inquam,
622 4423 755 4480 notum
775 4433 848 4482 esse
859 4410 950 4484 solo
965 4408 1138 4486 omnibus
1155 4427 1287 4482 sanctae
1304 4410 1368 4483 Dei
1386 4411 1553 4484 aecclesiae
1570 4412 1722 4486 cultori-

327 4529 416 4621 bus,
430 4531 605 4631 quoniam
616 4584 626 4617 ,
639 4555 713 4631 pro
730 4530 843 4604 salute
859 4531 984 4604 domni
1001 4531 1072 4604 mei
1090 4529 1266 4606 Rodberti
1276 4584 1287 4619 ,
1307 4530 1369 4633 qui
1390 4547 1503 4603 tactus
1519 4533 1616 4632 gravi
1637 4559 1723 4608 cor-

328 4654 428 4752 poris
451 4651 704 4741 incommodo,
720 4652 845 4726 divini
868 4652 968 4726 verbi
998 4681 1074 4728 non
1102 4654 1294 4728 immemor
1316 4652 1499 4728 dicentis:
1524 4654 1600 4752 Qui
1621 4676 1723 4729 amat

325 4789 561 4874 patremuut
576 4791 1001 4850 *matremautueorem-
1024 4791 1090 4848 aut
1103 4775 1232 4876 filios,
1253 4774 1456 4877 plusquam
1472 4801 1548 4863 ure,
1576 4795 1724 4867 nonest

330 4921 388 4969 me
408 4896 567 4996 dignum
583 4898 717 4972 omnia
740 4921 825 4997 quoe
850 4896 888 4970 in
910 4893 1321 4996 mundotempoialiter
1340 4895 1544 4995 possidebat
1561 4894 1723 4972 derelin-
