4462 6120
477 702 545 773 106
988 697 1340 773 MONASTERIUM

472 850 677 949 episcopus,
702 863 738 922 ct
758 848 871 922 frater
892 873 994 920 meus
1017 827 1260 936 licmbardus,
1281 864 1318 920 et
1340 845 1523 951 predictus
1546 844 1762 933 llilduinus,
1783 869 1866 918 cum

378 1022 381 1034 .
472 971 554 1044 filiis
571 988 607 1046 ct
629 972 755 1045 ceteris
772 971 988 1072 propinquis
1003 971 1095 1058 suis,
1115 995 1161 1043 ex
1180 985 1260 1045 toto
1281 970 1507 1070 gurpivimus
1529 970 1708 1068 inceptam
1727 966 1868 1039 calum-

472 1094 569 1166 niam
584 1091 770 1168 monachis
786 1095 908 1166 Sancti
927 1093 1046 1181 Petri,
1067 1109 1268 1166 annuentes
1285 1110 1326 1164 ut
1343 1091 1454 1168 solide
1472 1108 1507 1167 et
1523 1093 1646 1194 quiete
1663 1087 1868 1189 possideant

471 1216 655 1289 ecclesiam
671 1241 772 1288 suam
788 1216 871 1290 Ursi
888 1216 1034 1290 Villaris
1054 1217 1091 1286 in
1108 1233 1345 1315 perpetuum,
1368 1216 1460 1289 sicut
1471 1218 1613 1314 justum
1630 1238 1703 1287 csse
1720 1229 1868 1310 compe·

470 1338 596 1410 rimus.
617 1336 791 1412 interdixi
809 1337 935 1424 ctiam,
955 1334 1146 1439 episcopali
1163 1338 1378 1414 auctoritate
1393 1336 1504 1409 michi
1523 1364 1542 1409 a
1558 1338 1634 1410 Deo
1653 1332 1801 1421 tradita,
1820 1358 1867 1406 ne

469 1460 550 1559 quis
569 1485 814 1534 successorum
839 1476 1052 1534 nostrorum
1070 1458 1264 1558 praedictos
1288 1458 1491 1535 monachos
1514 1459 1636 1531 Sancti
1661 1457 1779 1545 Petri,
1802 1480 1867 1555 per

471 1579 576 1679 hujus
595 1581 693 1655 modi
718 1581 925 1681 sacrilegam
945 1581 1181 1670 calumniam,
1209 1580 1362 1654 ulterius
1389 1581 1580 1682 inquietet.
1606 1577 1714 1674 Quod
1731 1577 1868 1651 scilicet

472 1704 706 1777 interdictum
722 1706 749 1776 si
761 1705 843 1806 quis
859 1706 1070 1782 temerarius
1084 1703 1219 1778 violare
1233 1706 1518 1803 praesumpserit,
1533 1703 1762 1801 sacrilegium
1773 1727 1866 1800 proe-

455 1808 458 1812 ’
471 1826 688 1924 sumptionis
698 1853 771 1898 suae
783 1825 946 1925 legaliter
955 1824 1135 1915 emendet,
1148 1841 1184 1898 et
1198 1826 1349 1925 punitus
1362 1823 1408 1898 ab
1423 1826 1568 1925 incepto
1582 1824 1742 1899 desistat.
1758 1819 1866 1917 Quod

470 1947 498 2018 si
521 1949 758 2046 pertinaciter
781 1947 916 2023 odiosae
939 1947 1155 2046 calumpniae
1181 1945 1348 2020 inherere
1367 1947 1561 2036 maluerit,
1589 1946 1652 2020 illo
1674 1972 1749 2048 quo
1768 1947 1865 2018 Deus

471 2073 581 2144 iratus
599 2070 866 2173 incorrigibiles
877 2071 1048 2170 dampnat
1062 2068 1288 2145 anathemate
1301 2070 1464 2144 feriatur.
1480 2071 1580 2160 Fiat,
1598 2069 1674 2143 liat.
1690 2069 1766 2144 Nos
1778 2091 1865 2141 vero

469 2196 531 2294 qui
546 2195 764 2267 calumniam
775 2194 1015 2296 supradictam
1029 2195 1269 2295 gurpivimus,
1284 2194 1433 2268 nomina
1445 2210 1569 2270 nostra
1582 2209 1866 2291 nostrorumque

469 2315 631 2390 fidelium
644 2318 707 2418 qui
721 2333 916 2417 praesentes
928 2316 1096 2406 aderant,
1117 2318 1155 2389 in
1172 2319 1343 2416 praesenti
1363 2317 1518 2406 cartula,
1537 2317 1725 2392 memoriae
1743 2339 1862 2401 causa,

467 2437 619 2511 fecimus
643 2437 822 2514 adnotari.
849 2441 885 2513 S.
916 2438 1098 2528 Odolrici,
1124 2439 1396 2522 Aurelianensis
1417 2441 1589 2538 episcopi.
1614 2439 1651 2511 S.
1678 2435 1863 2522 Fulberti,

468 2561 699 2635 Carnotcnsis
717 2563 889 2664 episcopi.
909 2564 946 2636 S.
963 2562 1105 2636 Alberti
1125 2562 1277 2637 abbatis.
1297 2564 1336 2638 S.
1348 2561 1533 2637 isenbardi
1551 2561 1645 2651 laici.
1665 2562 1702 2632 S.
1719 2556 1865 2633 Erfredi

467 2681 602 2756 clerici.
618 2683 655 2755 8.
672 2683 814 2758 Salonis
827 2683 961 2763 clerici.
982 2684 1018 2756 S.
1035 2683 1210 2770 Bovonis,
1231 2683 1357 2759 decani
1371 2684 1493 2760 Sancti
1508 2683 1655 2757 Martini
1672 2683 1867 2758 Turonen-

468 2805 527 2876 sis.
553 2804 590 2876 S.
612 2803 791 2879 Tescelini
809 2803 945 2910 clerici.
965 2805 1003 2877 8.
1027 2802 1181 2878 Tedoini
1202 2803 1344 2892 clerici,
1367 2803 1434 2879 filii
1451 2804 1623 2880 Alberici.
1643 2805 1681 2878 S.
1700 2802 1865 2877 Hilduini

468 2927 561 2999 laici.
584 2927 622 2999 8.
642 2926 825 3016 Hilduini,
849 2925 913 3000 filii
936 2929 1024 3026 ejus.
1048 2926 1086 2999 S.
1107 2926 1287 3017 Odolrici,
1310 2925 1377 3001 filii
1399 2930 1489 3026 ejus.
1510 2928 1548 2999 S.
1568 2927 1775 3015 Pontelini,
1798 2950 1867 3000 ne-

467 3051 563 3147 potis
579 3052 667 3147 ejus.
688 3040 725 3122 S.
746 3046 942 3123 Godcsredi
960 3048 1054 3121 laici.
1075 3048 1114 3123 S.
1133 3047 1284 3125 Adroldi
1301 3050 1538 3125 vicecomitis.
1559 3049 1596 3123 S.
1616 3046 1798 3124 Frederici
1814 3048 1861 3121 fr.

468 3170 561 3243 laici.
582 3171 621 3245 S.
640 3172 806 3271 Hugonis
825 3169 1013 3246 Radondi.
1032 3170 1069 3242 8.
1088 3168 1220 3246 Gualoi
1237 3171 1363 3246 laici.»

939 3428 1291 3554 usnemun
1323 3433 1383 3519 11.

739 3681 784 3742 De
799 3679 886 3741 rebus
900 3701 971 3761 quas
986 3679 1150 3743 Richardus
1165 3701 1260 3740 comes
1275 3680 1381 3742 Sancto
1398 3680 1483 3745 Petro
1496 3678 1587 3741 dedit.

519 3907 542 3954 *
562 3937 581 3974 a
599 3907 661 3979 ln¹
687 3909 838 3984 nomine
863 3923 996 3985 sanctae
1019 3924 1057 3981 et
1083 3907 1279 3983 individuae
1306 3908 1508 3984 Trinitatis.
1537 3908 1616 4010 Ego
1644 3907 1861 4001 Richardus,

467 4029 771 4107 Normannorum
797 4056 917 4107 comes
942 4029 1182 4105 humillimus.
1204 4033 1319 4123 Dum,
1339 4031 1526 4109 catholicae
1543 4033 1730 4134 religionis
1746 4032 1864 4133 scrip-

469 4166 589 4227 turam
606 4152 752 4231 audiens
770 4181 836 4256 per
852 4153 963 4231 verba
974 4144 1250 4230 ammonitionis
1265 4156 1416 4255 exponi,
1432 4155 1537 4256 hujus
1551 4158 1771 4232 transitoriae
1780 4181 1864 4257 per-

467 4274 710 4376 petualisque,
740 4277 876 4354 scilicet
899 4277 1067 4353 secularis
1090 4294 1127 4352 et
1149 4269 1328 4368 coelestis,
1346 4279 1597 4355 conditionem
1612 4279 1864 4381 adquisitionis

466 4423 611 4475 mecum
621 4400 749 4475 tacitus
759 4420 981 4504 reputarem,
994 4429 1077 4504 quae
1088 4400 1458 4503 harumpraestantior
1471 4404 1688 4507 firmiorque
1696 4405 1864 4481 consiste·-

467 4535 524 4596 ret
530 4550 542 4610 ς
559 4537 670 4612 tunc,
681 4549 747 4627 per
759 4525 893 4602 divinae
911 4525 1191 4603 illustrationem
1206 4527 1351 4626 gratiae,
1366 4529 1446 4604 istic
1459 4527 1708 4605 fluctuationis
1724 4527 1863 4604 motio-

467 4670 567 4735 nem,
579 4645 653 4721 illic
660 4673 746 4729 vero
754 4648 919 4725 stationis
929 4651 1158 4727 vocationem
1166 4675 1240 4727 esse
1248 4652 1406 4751 percepi.
1418 4651 1570 4745 Deinde,
1584 4650 1694 4727 simili
1703 4650 1860 4740 ratione,

510 4881 518 4906 ¹
536 4871 658 4953 Vulgata
672 4897 689 4933 a
704 4874 822 4961 Mabill.
838 4876 917 4943 Suc..
936 4876 1083 4972 Benediat,
1096 4897 1145 4952 vr,
1161 4889 1236 4957 part.
1252 4874 1285 4952 l,
1301 4898 1332 4958 p.
1350 4873 1420 4937 282.
