4462 6120
731 761 767 830 S.
789 756 931 832 PETRI
950 751 1293 827 CARNOTENSIS.
1637 747 1705 815 183

731 1038 1101 1128 CAPITULUM
1136 964 1304 1124 LVlll.

753 1312 799 1373 De
810 1313 886 1394 tigae
899 1310 985 1371 Curte
998 1280 1065 1369 data
1077 1331 1093 1367 a
1107 1307 1276 1371 Geretrude.

372 1599 390 1637 a
404 1568 446 1643 lu
464 1567 613 1641 nomine
629 1581 762 1641 sanctae
780 1580 817 1637 et
835 1560 1031 1635 individuae
1052 1560 1263 1648 Trinitatis,
1288 1559 1403 1631 Patris
1420 1575 1457 1630 et
1476 1557 1557 1629 Filii
1576 1573 1613 1629 et
1631 1556 1713 1654 Spi·
1741 1578 1810 1623 anno
1827 1576 1896 1623 tosa.

323 1690 416 1761 ritus
429 1688 565 1761 Sincti.
582 1688 673 1760 Cum
687 1700 839 1758 cunctos
854 1700 999 1756 maneat
1015 1708 1092 1758 sors
1109 1679 1358 1781 inreparabilis
1372 1677 1473 1754 horae
1481 1732 1493 1767 ,
1514 1704 1718 1785 praecaven-

324 1809 414 1887 dum
431 1826 484 1882 est
501 1810 700 1908 unicuique
714 1824 901 1895 nostrum,
917 1831 963 1878 ne
977 1819 1097 1877 teneat
1109 1804 1228 1876 levum
1248 1804 1330 1890 iter,
1353 1800 1562 1875 tendentem
1575 1799 1620 1871 ad
1636 1823 1719 1898 poe-

323 1958 387 2003 nas
403 1931 556 2019 inferni3
576 1946 629 2003 set
645 1953 875 2031 summopere
891 1925 1070 1999 custodiat
1087 1925 1241 2025 justiciae
1263 1926 1449 2015 semitam,
1467 1921 1658 1995 ducentem
1675 1921 1717 1992 ad

324 2077 486 2127 amoenas
503 2066 651 2124 aeternae
665 2052 750 2122 vitae
768 2046 883 2136 sedes,
903 2074 1012 2148 quam
1029 2044 1176 2146 quidem
1194 2046 1376 2118 custodire
1392 2045 1546 2145 quisque
1560 2043 1715 2144 poterit,

325 2174 352 2245 si
377 2171 552 2245 mandatis
576 2171 724 2245 Domini
749 2170 905 2241 inianter
930 2165 1097 2239 oboedire
1121 2166 1292 2238 voluerit.
1320 2167 1555 2239 Dominicum
1574 2190 1719 2266 quoque

325 2308 548 2400 praeceptum
565 2306 636 2380 est,
656 2305 698 2363 ut
715 2314 777 2360 sua
794 2287 967 2388 quisque,
986 2311 1056 2386 pro
1074 2286 1139 2359 Dei
1157 2312 1298 2375 amore,
1319 2286 1493 2386 largiatur
1498 2313 1509 2374 ς
1528 2287 1580 2357 ait
1596 2286 1716 2358 enim:

327 2412 424 2484 Date
436 2428 470 2485 et
482 2411 633 2484 dabitur
646 2409 751 2484 vobis
761 2443 778 2494 ,·
798 2423 857 2500 et,
875 2409 1093 2509 quicumque
1111 2406 1252 2478 dederit
1270 2407 1421 2480 calicem
1442 2433 1553 2508 aquae
1557 2403 1721 2507 frigidae

328 2550 465 2606 tantum
495 2535 534 2604 in
564 2533 710 2605 nomine
735 2557 835 2621 meo,
868 2555 975 2602 amen
1005 2528 1091 2601 dieo
1116 2528 1242 2616 vobis,
1271 2555 1343 2603 non
1368 2529 1499 2631 perdet
1523 2528 1721 2601 mercedem

327 2681 443 2759 suam.
461 2654 524 2726 llis
537 2669 575 2726 et
591 2653 669 2726 aliis
684 2654 750 2726 Dei
770 2653 1034 2752 omnipotentis
1050 2649 1181 2741 dictis,
1206 2678 1273 2752 ego
1290 2653 1493 2752 peccatrix,
1510 2649 1722 2724 Geretrudis

329 2774 498 2865 nomine,
518 2774 717 2851 secundum
742 2775 853 2847 seculi
881 2771 1097 2876 dignitatem
1121 2799 1197 2846 non
1223 2773 1357 2847 infimis
1379 2773 1589 2874 parentibus
1615 2789 1720 2859 orta,

329 2897 588 2985 libentissime,
612 2899 846 2998 inquantum
863 2897 1035 2996 praevalet
1052 2924 1131 2970 mea
1146 2897 1444 2996 pusillanimitas,
1469 2894 1616 2970 obedire
1644 2911 1724 2967 stu-

329 3019 438 3109 dens,
457 3005 603 3091 alodum
620 3017 821 3118 quendam,
841 3041 950 3114 quem
962 3019 1066 3115 jure,
1086 3015 1225 3104 videor,
1245 3018 1410 3117 possideo
1431 3021 1469 3090 in
1483 3018 1571 3118 Aiga
1587 3023 1720 3106 Curte,

330 3143 406 3213 Deo
435 3139 681 3239 omnipotenti
709 3154 746 3210 et
775 3139 908 3210 Sancto
935 3139 1045 3209 Petro
1075 3135 1241 3225 Gesiaci,
1269 3137 1368 3210 cellae
1398 3137 1534 3210 seilicet
1561 3137 1724 3212 coenobii

331 3262 585 3348 carnotensis,
611 3276 693 3361 post
723 3273 880 3334 mortem
909 3285 1052 3347 meam,
1083 3258 1301 3332 hereditario
1329 3262 1411 3357 jure
1444 3256 1724 3357 possidendum,

332 3407 455 3456 arrnuo
465 3410 477 3471 ς
501 3382 673 3482 quatinus
691 3379 809 3467 idem,
836 3381 893 3451 cui
913 3406 933 3451 a
948 3378 1108 3453 Domino
1125 3395 1178 3452 est
1193 3377 1331 3451 dictum
1349 3409 1357 3449 :
1380 3380 1618 3478 Quaecunque
1631 3379 1727 3477 liga-

334 3507 423 3577 veris
441 3531 551 3606 super
570 3520 699 3593 terram
707 3559 719 3591 ,
740 3519 844 3574 erunt
860 3502 979 3601 ligata
1002 3518 1035 3573 et
1052 3506 1091 3573 in
1113 3502 1230 3586 eoel0,·
1251 3519 1307 3588 et,
1328 3527 1566 3600 quaecumque
1580 3500 1726 3574 solveris

333 3643 609 3724 superterram,
636 3642 739 3697 erunt
755 3624 877 3696 soluta
895 3640 929 3695 et
946 3626 985 3694 in
1009 3624 1101 3696 coelo
1113 3658 1130 3709 ;
1151 3623 1297 3694 vincula
1313 3622 1480 3696 videlicet
1495 3638 1726 3725 peccatorum

333 3770 499 3819 meorum
515 3746 659 3845 meique
675 3745 859 3842 conjugis,
881 3744 1031 3816 nomine
1048 3742 1232 3831 Hilduini‚
1250 3744 1315 3816 filii
1333 3744 1523 3831 Hermari,
1544 3760 1580 3816 et
1597 3768 1726 3841 paren-

334 3883 413 3938 tum
430 3890 619 3954 meorum,
639 3866 776 3954 solvat,
793 3890 841 3937 ne
854 3865 966 3963 judex
981 3867 1217 3965 equissimus,
1241 3866 1278 3937 in
1298 3865 1435 3939 ultimo·
1445 3865 1628 3952 examine,
1644 3890 1727 3936 cum

335 3986 499 4085 reprobis
528 3985 573 4059 ad
603 3986 797 4060 infernales
824 4011 953 4085 poenas
980 3987 1128 4075 mittat;
1166 4003 1219 4060 set
1251 3987 1349 4060 illam
1380 3986 1487 4060 nobis
1518 3986 1729 4060 mellifluam

336 4136 461 4185 vocem
486 4111 617 4187 inferat
628 4163 639 4198 ,
670 4136 741 4211 qua
769 4108 988 4182 demulcebit
1010 4111 1116 4208 justis
1147 4112 1347 4210 inquiens:
1378 4110 1532 4200 Venite,
1551 4109 1732 4182 benedicti

336 4235 462 4306 Patris
478 4234 571 4322 mei,
592 4232 780 4332 possidete
804 4258 955 4331 reguum
984 4232 1086 4331 quod
1107 4248 1281 4332 paratum
1309 4249 1361 4303 est
1384 4231 1489 4304 vodis
1514 4231 1562 4304 ab
1590 4233 1731 4330 origine

338 4353 477 4427 mundi.
491 4351 674 4440 Concedo,
691 4353 855 4451 inquam,
871 4353 980 4453 ipsius
993 4352 1086 4426 alodi
1100 4368 1237 4425 terram
1248 4352 1382 4425 cultam
1395 4368 1432 4427 et
1446 4353 1634 4440 incultam,
1649 4352 1729 4421 irri-

339 4502 446 4576 guam
467 4492 504 4549 et
526 4474 685 4562 aridam,
711 4491 814 4573 prata
841 4488 878 4546 et
903 4475 1046 4562 silvam,
1079 4475 1259 4576 ingressus
1288 4477 1362 4573 ejus
1390 4491 1427 4548 et
1456 4476 1595 4562 exitus,
1623 4488 1732 4572 atque

340 4596 508 4671 aeoelesiae
524 4613 643 4696 partes
658 4594 744 4667 duas
757 4621 841 4694 quae
853 4612 940 4667 sunt
952 4598 1021 4669 mei
1032 4598 1137 4696 juris.
1155 4596 1325 4690 Quamdiu
1338 4613 1459 4669 autem
1471 4597 1594 4668 vivens
1607 4611 1730 4668 tenere

339 4717 508 4808 voluero,
527 4719 572 4792 de
587 4717 793 4819 suprsdicto
807 4717 914 4792 alodo
931 4719 1022 4792 duos
1040 4717 1198 4819 hospites
1211 4732 1354 4791 tantum
1369 4717 1580 4790 investitura
1596 4717 1729 4792 Sancto

341 4839 468 4928 Petro,
491 4863 607 4913 unum
634 4839 771 4913 scilieet
799 4840 946 4939 propria
974 4841 1185 4929 voluntate,
1211 4840 1366 4912 alterum
1396 4836 1537 4936 praelati
1568 4840 1730 4937 conjugis
