4462 6120
767 728 805 802 S.
828 720 971 802 PETRI
997 720 1335 797 CARNOTENSlS.
1680 724 1750 796 135

354 876 398 952 de
415 877 585 979 Ungeua,
604 879 705 987 cujus
721 893 798 951 erat
815 875 938 957 eadem
954 900 1033 948 area
1044 925 1055 961 ,
1067 871 1238 972 jussimus
1253 869 1338 945 dare
1358 896 1476 944 unum
1489 897 1637 973 aequum
1652 869 1753 945 obti-

353 1025 454 1071 mum
477 1017 514 1073 et
535 997 772 1100 qtradraginta
798 991 1217 1084 nummorumsolidos,
1243 995 1305 1094 qui
1329 993 1402 1067 dati
1429 1009 1517 1066 sunt
1542 993 1751 1071 aVVarino

350 1121 530 1197 monacho
539 1176 550 1211 ,
565 1123 754 1221 provisore
767 1137 805 1195 et
818 1119 1024 1194 edificatore
1038 1117 1149 1217 ipsius
1164 1116 1249 1189 loci.
1265 1117 1322 1190 Eo
1335 1114 1482 1217 quidem
1498 1132 1625 1192 tenore
1638 1118 1750 1218 ipsam

349 1270 468 1317 aream
485 1246 651 1333 emimus,
666 1258 722 1334 ut,
740 1243 843 1317 nullo
859 1268 1023 1342 uuquam
1036 1238 1321 1329 contradicente,
1338 1239 1376 1311 in
1390 1256 1567 1313 aeternum
1582 1237 1749 1314 habendo

348 1364 611 1465 possideamus,
630 1382 666 1438 et
683 1364 835 1465 singulis
855 1363 959 1436 annis
975 1388 1044 1463 pro
1062 1361 1185 1435 eadem
1200 1388 1280 1435 area
1297 1359 1473 1462 praedicto
1492 1361 1687 1438 VValterio
1712 1377 1749 1434 et

347 1488 500 1586 posteris
517 1490 593 1587 ejus
604 1486 738 1560 solidos
750 1485 841 1562 duos
857 1510 1095 1559 nummorum
1109 1484 1146 1554 in
1163 1481 1356 1557 festivitate
1373 1485 1486 1556 sancti
1504 1484 1655 1583 Remigii
1674 1484 1748 1559 sol-

346 1635 483 1684 vamus.
502 1609 609 1703 Quod
632 1611 660 1682 si
683 1610 721 1681 in
741 1606 860 1680 dando
881 1605 1105 1707 negligentes
1121 1604 1317 1693 fuerimus,
1338 1604 1501 1706 legaliter
1516 1603 1743 1694 emendetur,

346 1748 383 1805 et
398 1758 479 1808 area
492 1758 633 1832 semper
650 1730 837 1804 habeatur.
853 1729 890 1802 Si
902 1731 985 1831 quis
1001 1744 1123 1802 autem
1136 1727 1221 1800 huic
1235 1729 1337 1828 operi
1351 1726 1547 1829 aliquando
1564 1729 1745 1804 contraire

345 1856 599 1956 temptaverit,
619 1880 703 1927 cum
723 1853 815 1927 Juda
835 1850 1012 1926 traditore
1035 1852 1074 1924 in
1091 1850 1238 1927 inferno
1251 1876 1381 1953 poenas
1402 1852 1496 1942 luat,
1521 1852 1590 1925 nisi
1608 1850 1745 1924 satisfa-

344 1979 442 2052 ciens
455 1979 662 2078 resipuerit.
679 1979 803 2050 Testes
819 1974 927 2075 hujus
943 1975 995 2048 rei
1012 1971 1240 2048 subscribere
1254 1975 1471 2048 curarimus.
1489 1973 1630 2064 Teud0,
1647 1973 1743 2048 lilius

344 2101 540 2177 Roscelini.
558 2097 756 2172 Richardus
769 2096 813 2172 de
827 2099 949 2175 Bairo.
964 2095 1169 2171 Rodbertus
1187 2096 1231 2171 de
1248 2096 1415 2174 Fossatis.
1435 2097 1499 2171 lvo
1511 2096 1556 2170 de
1570 2096 1744 2198 Rogemu-

342 2223 446 2297 lasto.
474 2222 677 2324 Sulpicius,
704 2222 800 2296 filius
828 2219 1037 2294 lladeberti.
1067 2219 1268 2294 Richardus
1295 2222 1526 2322 praepositus.
1552 2218 1742 2294 Raiuerius

339 2345 600 2419 Finemundus.
625 2345 831 2420 Rodbertus
850 2342 1096 2417 mischinus.»

782 2652 1141 2747 CAPITULUM
1176 2656 1284 2745 ΧΠ.

637 2930 682 2992 De
695 2934 920 2993 commutatione
937 2947 1019 2993 terrae
1033 2955 1121 3013 quum
1138 2947 1272 3014 stagnum
1288 2934 1425 3014 cooperit.

386 3241 404 3280 ι(
422 3211 465 3283 ln
478 3208 611 3282 Christi
630 3207 795 3284 nomine.
814 3211 893 3310 Ego
912 3207 1021 3282 abbas
1037 3206 1257 3298 Landricus,
1274 3227 1311 3283 et
1325 3235 1452 3284 omnes
1468 3210 1635 3286 monachi
1657 3238 1735 3287 coe·
1760 3227 1818 3273 tute
1832 3243 1853 3277 ¹·
1869 3230 1939 3277 10⁷⁰·

334 3332 436 3409 nobii
458 3333 579 3407 Sancti
604 3331 701 3406 Petri
725 3333 977 3426 Carnotensis‚
1001 3348 1132 3408 notum
1154 3331 1416 3407 essevolumus
1439 3333 1679 3434 praesentibus
1697 3353 1735 3409 et

331 3453 485 3545 futuris,
505 3454 711 3529 christianae
728 3454 896 3529 videlicet
913 3455 1007 3531 fidaei
1029 3453 1252 3545 cultoribus,
1273 3453 1393 3557 quod,
1411 3473 1596 3532 annuente
1613 3457 1734 3531 claris·

331 3577 423 3650 simo
437 3578 536 3665 viro,
553 3575 692 3651 domno
705 3575 871 3652 videlicet
884 3577 1039 3651 Alberto
1048 3632 1059 3665 ,
1078 3603 1148 3678 pro
1165 3574 1319 3679 quadam
1332 3593 1430 3652 terra
1443 3605 1552 3679 quam
1568 3582 1733 3682 cooperit

330 3725 421 3799 aqua
439 3699 577 3799 stagni,
600 3697 695 3772 infra
711 3701 834 3773 vicum
847 3700 1129 3775 Bruerolensem
1147 3701 1368 3790 constructi,
1388 3699 1552 3775 dedimus
1571 3703 1612 3777 iu
1629 3729 1732 3779 com·

328 3823 532 3898 mutatione
543 3820 688 3897 duobus
700 3821 895 3912 fratribus,
911 3820 1153 3898 Guauscelino
1166 3823 1422 3926 scilicetatque
1434 3824 1613 3928 Sulpicio,
1625 3828 1730 3923 aliam

330 3959 464 4017 terram
479 3971 556 4020 non
571 3944 712 4046 lougea
728 3946 810 4021 rico
818 3973 829 4033 ς
848 3971 931 4046 quae
947 3946 1166 4019 terminatur
1180 3973 1224 4020 ex
1238 3972 1310 4021 una
1323 3961 1443 4047 parte,
1458 3948 1614 4050 qtudam
1627 3949 1727 4051 piro,

328 4081 365 4138 et
378 4092 421 4138 ex
434 4065 501 4137 alia
517 4083 636 4165 parte,
656 4065 777 4142 rivulo
791 4092 894 4168 aquae
906 4092 990 4167 quae
1002 4084 1154 4141 vocattu·
1168 4066 1314 4142 Medua.
1331 4069 1502 4144 Dedimus
1519 4072 1642 4162 etiam,
1660 4099 1729 4173 pro

327 4185 393 4260 hac
416 4187 490 4288 ipsa
513 4215 570 4277 re,
596 4186 757 4288 Sulpicio
778 4188 811 4263 V
832 4213 1072 4266 nummorum
1092 4188 1225 4267 solidos
1251 4206 1288 4264 et
1312 4216 1422 4264 unam
1443 4190 1607 4266 domum.
1626 4195 1728 4267 Hanc

326 4307 474 4410 quidem
496 4311 822 4385 commutationem
844 4310 978 4384 factam
1006 4329 1217 4386 annuerunt
1243 4339 1339 4387 uxor
1359 4313 1524 4414 praedicti
1553 4316 1725 4418 Sulpicii,

326 4434 476 4508 nomine
506 4433 719 4523 Roscelina,
752 4449 788 4508 et
817 4433 1025 4510 Rodbertus
1055 4436 1152 4510 filius
1181 4440 1268 4537 ejus.
1305 4436 1588 4540 Subscripsimus
1617 4442 1727 4514 etiam

325 4558 476 4630 nomina
499 4559 664 4646 testium,
689 4573 733 4629 ut
756 4558 984 4660 insurgentes
1003 4559 1100 4636 forte
1122 4586 1167 4633 cx
1189 4558 1360 4649 adverso,
1383 4564 1526 4637 ratione
1544 4562 1723 4653 convicti,

325 4679 486 4751 inefficax
512 4697 663 4755 conotus
687 4706 817 4756 eorum
840 4680 996 4756 deficiat.
1024 4682 1240 4760 VVelterius
1265 4682 1310 4758 de
1333 4682 1498 4786 Ungeua.
1525 4683 1724 4761 Richudus

323 4803 553 4902 praepositus.
574 4805 767 4879 Rainerius
786 4804 1049 4882 Finemundus.
1066 4805 1283 4883 Rodbertus.
1308 4806 1567 4885 Guinebertus.
1584 4809 1725 4887 ttntut-

322 4921 394 4998 fus.
411 4925 511 4998 Hanc
524 4942 645 5002 autem
657 4929 834 5005 cartulam
847 4931 876 5006 si
889 4931 971 5033 quis
987 4933 1196 5009 temerarius
1210 4929 1458 5009 coutmdioere
1472 4935 1720 5034 temptaverit,
