4462 6120
779 630 827 697 ι,

553 737 624 807 242
1071 734 1421 812 MONASTERlUM

552 901 589 957 et
605 884 860 985 consanguinei
878 883 1046 972 illorum,
1063 885 1125 983 qui
1143 881 1378 958 donationem
1395 883 1505 972 hanc,
1524 883 1602 956 vice
1617 884 1729 982 patris
1746 897 1783 955 et
1800 882 1945 967 matris,

552 1033 659 1106 super
670 1008 779 1080 altare
792 1007 924 1107 posuit.
940 1005 1122 1080 Gausfridi
1135 1005 1179 1080 de
1192 1007 1318 1084 Monte
1332 1010 1477 1082 Boonis.
1494 1004 1675 1081 Gausfridi
1692 1032 1768 1080 non
1786 1004 1945 1078 bibentis

551 1156 693 1229 aquam.
718 1129 902 1202 'leudonis
920 1128 1099 1202 Tronelli.
1118 1127 1286 1201 Guerrici
1306 1131 1449 1216 clerici,
1465 1154 1578 1230 nepos
1593 1139 1598 1164 ¹
1615 1127 1796 1200 Pulcherii
1815 1128 1946 1225 primi-

552 1253 637 1325 cerii
661 1268 792 1324 sanctae
816 1251 954 1324 Mariae.
979 1249 1153 1326 Tedhaldi
1184 1249 1229 1324 de
1251 1249 1398 1328 Vidicis.
1424 1251 1475 1325 lle
1498 1253 1633 1327 nostris
1658 1282 1666 1321 ε
1690 1249 1890 1322 Adventius
1910 1264 1946 1320 et

552 1375 727 1463 Lorinus,
745 1373 892 1462 fratres3
912 1371 1131 1473 Stephanus,
1157 1376 1392 1464 Laurentius,
1415 1375 1558 1468 Frod0,
1580 1373 1685 1450 Dodo
1708 1375 1837 1471 major,
1863 1372 1945 1443 Ste-

552 1495 691 1597 phanus
721 1499 856 1594 major,
880 1493 1112 1592 Oydelerius,
1136 1497 1350 1588 Durandus,
1375 1495 1612 1575 OEslebertus.
1639 1495 1771 1568 Actum
1796 1508 1849 1567 est
1877 1491 1946 1565 hoc

553 1621 720 1694 Carnotis
739 1618 901 1718 publice,
920 1634 1095 1716 regnante
1112 1616 1281 1716 Philippo
1298 1645 1382 1716 rege
1403 1619 1441 1689 in
1459 1620 1621 1692 Francia.
1644 1650 1661 1686 n

975 1847 1343 1940 CAPITULUM
1376 1851 1528 1943 XVII.

1041 2049 1086 2109 De
1099 2049 1225 2109 aecclesia
1243 2051 1350 2109 Domni
1366 2050 1453 2111 Petri.

605 2280 622 2319 a
642 2251 684 2322 ln
710 2247 842 2321 Christi
866 2247 1025 2321 nomine.
1048 2246 1188 2320 Notum
1208 2272 1282 2320 esse
1305 2247 1472 2320 volumus
1495 2247 1668 2323 omnibus
1687 2243 1947 2321 successoribus

552 2371 685 2448 nostris
694 2423 704 2458 ,
720 2367 819 2470 quod
834 2395 901 2468 ego
916 2368 1112 2441 Larrdricus
1121 2423 1132 2457 ,
1149 2394 1221 2440 una
1239 2394 1323 2441 cum
1340 2368 1423 2441 filiis
1435 2370 1543 2463 meis,
1558 2370 1668 2471 ipsius
1682 2369 1815 2471 eulogii
1829 2367 1947 2441 dicen·

429 2552 430 2557 η
553 2497 599 2568 tis
619 2525 627 2567 ε
647 2497 746 2568 Date
771 2510 805 2567 et
830 2492 981 2566 dabitur
1001 2492 1124 2584 vohis,
1144 2518 1221 2565 non
1240 2492 1339 2565 surdi
1357 2491 1560 2583 auditores,
1580 2492 1639 2567 sed
1659 2509 1839 2594 qtaantum
1856 2517 1948 2591 pau-

552 2633 671 2716 pertas
685 2632 807 2691 nostra
820 2614 1019 2715 permittit,
1031 2641 1100 2713 pro
1113 2613 1301 2687 animabus
1315 2615 1448 2686 nostris
1459 2630 1724 2714 parentumque
1736 2629 1947 2689 nostrorum

551 2765 696 2812 necnon
712 2755 749 2812 et
764 2763 833 2838 pro
847 2735 1098 2811 incolumitate
1109 2734 1326 2840 VVillelmi,
1344 2738 1495 2810 senioris
1509 2739 1646 2827 nostri,
1661 2737 1784 2809 matris
1800 2760 1947 2837 quoque

552 2864 626 2959 ejus
644 2860 817 2948 Mahilde,
836 2886 921 2931 cum
937 2886 1065 2933 eorum
1080 2884 1244 2947 assensu,
1254 2862 1330 2957 jam
1344 2857 1434 2932 olim
1445 2857 1703 2958 presbiterirun
1719 2858 1889 2932 aecclesiae
1904 2859 1948 2932 de

550 2982 697 3055 Domno
712 2981 821 3057 Petro
838 2995 876 3053 et
892 2996 1028 3052 terram
1039 2980 1286 3079 pertinentem
1301 2979 1344 3051 ad
1358 2980 1483 3070 altare,
1498 2998 1624 3055 sancto
1638 2981 1767 3070 Petro,
1785 2956 1946 3055 coenobii

550 3102 719 3176 videlicet
730 3103 975 3190 (hruotensis,
994 3100 1171 3193 dedimus,
1190 3127 1255 3202 per
1270 3100 1562 3202 deprecationem
1578 3102 1728 3204 quidem
1742 3105 1854 3204 patris
1867 3103 1947 3176 Rai-

554 3225 649 3299 naldi
667 3226 813 3314 decani,
833 3228 894 3328 qui
916 3227 954 3298 in
973 3224 1126 3325 praefato
1146 3222 1317 3302 coenobio
1334 3226 1402 3299 sub
1420 3226 1521 3300 abitu
1542 3225 1737 3304 monachili
1755 3228 1831 3302 Deo
1846 3225 1947 3300 mili-

554 3368 629 3425 tare
659 3353 697 3424 in
723 3367 906 3425 senectute
932 3349 1073 3423 maluit.
1102 3349 1210 3422 Nunc
1227 3377 1375 3451 quoque
1397 3352 1523 3424 damus
1546 3350 1776 3425 medietatem
1799 3350 1947 3423 decimae

553 3472 714 3571 praesatee
743 3471 913 3546 aecclesiae
935 3498 1019 3571 quae
1042 3473 1080 3543 in
1101 3470 1326 3545 dominicatu
1349 3489 1478 3549 nostro
1499 3473 1669 3546 ecclesie
1690 3497 1763 3546 esse
1789 3469 1945 3557 videtur,

554 3620 698 3669 necnon
722 3611 758 3666 et
786 3592 1013 3666 medietatem
1035 3590 1191 3665 archadii
1218 3612 1326 3696 atque
1344 3596 1552 3695 sepulturae.
1572 3592 1786 3667 Tribuimus
1802 3619 1948 3694 quoque

552 3741 609 3789 res
625 3742 707 3818 quoe
724 3713 768 3787 ad
784 3712 895 3788 altare
911 3716 1117 3814 pertinent,
1135 3731 1173 3788 et
1192 3732 1325 3789 terram
1339 3716 1488 3791 Ernaldi
1502 3715 1711 3792 mediatoris
1721 3742 1833 3818 quam
1843 3731 1944 3814 pater

553 3837 847 3910 meusTeduinus
859 3837 983 3909 vivens
996 3835 1187 3924 concessit,
1200 3852 1417 3937 pratumque
1430 3835 1598 3937 desuper,
1610 3839 1789 3911 vivarium
1800 3863 1947 3938 quoque

552 3956 597 4030 de
613 3958 713 4031 Mota
731 3955 901 4030 liberum.
921 3955 1031 4055 Quod
1045 3957 1073 4027 si
1089 3955 1139 4028 ibi
1155 3956 1351 4058 aliquando
1368 3957 1599 4034 molendinus
1614 3957 1693 4032 fieri
1711 3974 1851 4058 potest,
1870 3984 1948 4030 me-

554 4077 665 4154 dietas
685 4080 732 4152 sit
748 4078 831 4152 filiis
847 4079 955 4166 meis,
974 4078 1043 4152 nisi
1063 4079 1160 4152 forte
1175 4082 1324 4181 propria
1342 4082 1531 4155 voluntate
1549 4102 1653 4154 suam
1665 4096 1806 4182 partem
1823 4099 1947 4156 sancto

429 4297 434 4304 .
554 4205 661 4277 Petro
678 4205 888 4277 annuerint.
908 4202 964 4277 Ad
980 4219 1137 4278 exteram
1155 4222 1297 4304 partem
1313 4231 1398 4283 vero
1421 4206 1578 4280 ecclesiae
1601 4205 1714 4281 libere
1729 4204 1856 4280 damus
1874 4224 1949 4280 ter-

553 4353 631 4401 ram
651 4325 713 4399 ubi
733 4324 909 4400 hahitatio
927 4325 1191 4400 monachorum
1209 4344 1246 4400 et
1262 4327 1437 4403 horreum
1451 4355 1580 4404 eorum
1597 4345 1633 4402 et
1651 4343 1779 4403 caetera
1797 4327 1866 4402 sibi
1889 4356 1948 4402 ne·

556 4448 700 4523 cessaria
722 4448 808 4520 sint.
836 4447 944 4541 Quod
967 4447 1015 4519 ita
1037 4447 1151 4521 libere
1175 4447 1321 4538 damus,
1345 4467 1387 4522 ut
1407 4476 1525 4551 neque
1546 4449 1730 4549 sepultura
1747 4476 1864 4552 neque
1879 4451 1946 4522 alia

554 4572 673 4672 aliqua
691 4570 916 4645 consuetudo
932 4597 952 4642 a
968 4569 1052 4643 filiis
1067 4572 1157 4644 meis
1176 4572 1232 4646 vel
1249 4571 1294 4646 ab
1311 4572 1432 4675 aliquo
1451 4573 1599 4649 homine
1617 4576 1792 4675 exigatur.
1811 4570 1948 4647 Medie-

452 4699 461 4712 “
557 4709 668 4766 tatem
679 4717 825 4794 quoque
838 4692 938 4764 furni
956 4691 1121 4766 similiter
1135 4694 1259 4767 damus
1272 4709 1345 4768 ²....
1363 4696 1408 4768 Et
1421 4697 1449 4769 si
1462 4696 1543 4796 quis
1557 4711 1770 4772 nostrorum
1786 4693 1947 4770 fidelium

601 4887 607 4914 ¹
626 4881 682 4940 Sic.

596 4993 606 5020 ²
620 4986 784 5066 Sequuntur
798 4987 880 5046 lineae
896 5000 974 5060 tres,
988 5009 1110 5068 quarum
1125 4989 1285 5070 scriptura,
1301 4992 1415 5070 penitus
1430 4989 1542 5062 deleta,
1555 4991 1612 5072 legi
1627 5012 1686 5048 uon
1700 5002 1804 5070 potest.
