4462 6120
644 735 680 807 S.
704 735 847 808 PETRI
872 731 1208 807 CARNOTENSIS.
1549 732 1618 805 113

233 909 253 949 ιι
267 880 329 953 ris.
357 910 375 950 ιι
404 879 459 952 Ad
482 878 558 951 haec
583 880 642 953 ille
663 879 849 979 respondit
876 910 885 952 ε
913 878 1082 963 «Audita
1103 881 1274 980 sapientia
1296 894 1331 953 et
1354 879 1529 979 religione
1550 877 1620 953 bo-

236 1026 353 1074 arum
371 1004 434 1104 qui
449 1003 560 1075 vincti
578 1001 719 1074 adstant
736 1028 879 1074 mecum
894 1017 977 1074 ante
994 1018 1047 1089 te,
1066 1002 1108 1073 ad
1128 1001 1218 1074 hanc
1234 1000 1363 1073 urbem
1381 1002 1504 1074 venire
1520 1000 1620 1075 rolui

233 1153 251 1192 ιι
267 1141 309 1196 ut
323 1124 423 1214 inde,
440 1121 604 1223 exemplo
619 1124 804 1199 bonorum
816 1151 968 1223 operum
985 1139 1092 1224 atque
1108 1123 1273 1197 doctrina
1287 1150 1434 1212 eorum,
1453 1123 1619 1197 meliora·

233 1276 251 1315 ιι
268 1261 325 1317 tus
340 1246 507 1320 redirem.
523 1249 608 1319 Haec
621 1246 767 1348 quidem
782 1274 882 1320 causa
896 1262 949 1320 est
960 1274 1029 1346 pro
1041 1274 1113 1347 qua
1132 1246 1176 1319 de
1192 1248 1303 1346 patria
1320 1274 1397 1320 mea
1412 1248 1509 1319 exire
1520 1245 1619 1322 volui

233 1400 251 1439 ιι
268 1384 304 1442 et
325 1367 417 1441 hanc
441 1368 570 1442 urbem
587 1369 692 1468 petii.
718 1368 825 1462 Quod
847 1370 875 1440 si
900 1386 1002 1441 reatu
1025 1369 1147 1470 aliquo
1168 1396 1236 1467 pro
1259 1366 1328 1443 hoc
1349 1394 1457 1468 opere
1479 1384 1617 1455 teneor,

231 1520 252 1559 ιι
270 1491 438 1589 praesules
471 1490 538 1563 tibi
573 1493 772 1564 assistentes
807 1489 950 1564 videant
982 1506 1018 1564 et
1045 1489 1224 1590 judicent.
1256 1519 1275 1559 ιι
1315 1493 1421 1563 Tunc
1452 1491 1622 1590 praesules

230 1611 402 1686 dixerunt
420 1644 429 1684 ι
447 1645 465 1683 ιι
483 1615 519 1685 Si
543 1614 727 1712 sapientiae
749 1639 789 1685 ac
812 1613 999 1711 religionis
1022 1612 1172 1685 modum
1189 1638 1299 1714 quem
1320 1611 1365 1683 ab
1389 1611 1444 1684 his
1466 1610 1621 1685 didicisti

234 1766 251 1802 ιι
268 1733 375 1809 nobis
407 1734 593 1834 proferas,
628 1751 755 1810 nostro
783 1733 922 1833 jndicio
952 1733 1056 1807 facile
1086 1734 1307 1808 dinoscetur.
1331 1764 1350 1802 ιι
1381 1734 1430 1807 At
1452 1732 1512 1807 ille
1539 1735 1619 1807 ait:

230 1888 251 1927 ιι
268 1858 377 1957 Regia
394 1861 556 1956 majestas
572 1872 609 1930 et
625 1872 740 1930 restra
756 1859 951 1932 auctoritas
967 1858 1018 1931 eis
1032 1857 1159 1955 jubeat
1174 1873 1216 1928 ut
1234 1883 1318 1958 quae
1339 1883 1398 1930 me
1418 1855 1624 1930 docuerunt

231 2010 253 2048 ιι
269 2007 307 2053 ea
328 1981 393 2079 ipsi
414 2006 535 2054 coram
550 1978 655 2051 vobis
666 1979 805 2068 dicant,
820 1979 991 2081 quatinus
1007 1976 1127 2051 audita
1142 2005 1162 2049 a
1179 1977 1380 2069 vobisaeaut
1395 1977 1503 2078 digna
1520 1977 1624 2053 laude

235 2132 253 2171 ιι
270 2101 490 2191 habeantur,
516 2118 580 2174 aut
611 2099 757 2200 indigna
780 2100 957 2177 oblivioni
981 2098 1180 2174 tradantur.
1203 2131 1221 2169 ιι
1253 2101 1395 2195 Quibus
1426 2129 1489 2175 rex
1514 2116 1623 2203 atque

233 2226 409 2297 antistites
426 2250 510 2296 cum
520 2223 694 2323 juberent
711 2240 752 2295 ut
772 2250 846 2297 suae
863 2222 945 2297 fidei
966 2249 1133 2297 normam
1150 2221 1343 2299 referendo
1358 2223 1620 2323 patefacerent,

234 2349 347 2424 totius
360 2348 522 2421 veritatis
539 2346 697 2436 inimici,
715 2346 784 2419 alia
802 2372 872 2447 pro
891 2346 969 2419 aliis
986 2345 1167 2434 dicentes,
1192 2347 1289 2419 intra
1305 2372 1379 2419 suae
1398 2344 1529 2420 heresis
1548 2346 1626 2420 foe-

234 2470 383 2546 ditatem
402 2470 507 2546 nullo
528 2468 629 2542 aditu
648 2469 805 2543 introire
823 2468 1016 2558 volebant3
1036 2484 1090 2543 set
1104 2482 1149 2541 ut
1165 2494 1313 2569 serpens
1328 2470 1468 2571 qtaduto
1485 2471 1567 2569 plus
1586 2471 1624 2543 in

232 2594 399 2667 manibus
421 2593 626 2692 stringitur,
652 2607 755 2665 tanto
779 2593 932 2691 amplius
954 2590 1128 2680 elabitur,
1158 2594 1205 2663 ita
1227 2607 1264 2664 et
1286 2593 1364 2680 isti,
1386 2619 1461 2693 quo
1482 2592 1624 2692 anplius

235 2715 546 2789 coneludebantur
564 2715 723 2786 veritatis
743 2740 929 2803 sermone,
954 2731 1057 2787 tanto
1076 2716 1188 2815 magis
1211 2713 1391 2789 labiliores
1410 2714 1626 2788 videbantur

233 2838 409 2937 effugisse.
431 2840 538 2909 Tunc
555 2838 738 2909 Arelastus
754 2837 879 2910 videns
897 2838 996 2939 quod
1016 2837 1235 2911 redimerent
1253 2854 1414 2940 tempus,
1433 2853 1469 2911 et
1486 2864 1626 2912 sermo-

234 2985 324 3031 num
338 2960 454 3059 clipeo
469 2960 682 3032 festinarent
694 2959 912 3033 obnubilare
925 2987 998 3032 snae
1013 2959 1094 3032 fidei
1114 2960 1319 3049 herrorem,
1336 2959 1380 3033 ad
1395 2985 1453 3033 eos
1470 2978 1523 3034 est
1540 2986 1627 3035 con-

233 3106 368 3170 versus,
387 3082 509 3153 dicens
526 3111 534 3151 ι
554 3111 570 3150 ιι
584 3081 753 3157 Veritatis
764 3082 969 3181 magistros,
985 3108 1060 3156 non
1077 3081 1249 3171 herroris,
1265 3108 1328 3157 ros
1343 3081 1473 3156 habere
1486 3084 1624 3182 putavi,

236 3236 254 3274 ιι
271 3206 359 3276 dum
374 3220 582 3278 constanter
599 3203 697 3275 illam
712 3201 823 3276 michi
842 3203 1065 3293 doctrinam,
1085 3231 1195 3306 quam
1212 3203 1432 3277 salutiferam
1448 3204 1628 3303 evangeli-

238 3359 255 3396 ιι
272 3327 423 3416 zabatis,
443 3326 602 3399 viderem
620 3351 684 3400 ros
702 3325 831 3400 docere
841 3382 851 3417 ,
872 3343 979 3427 atque
996 3327 1284 3427 pollicebamini,
1306 3354 1376 3426 pro
1396 3327 1514 3425 poenis
1531 3325 1628 3399 infe-

237 3480 256 3519 ιι
271 3450 391 3524 rendis
414 3467 450 3523 et
470 3450 579 3522 etiam
601 3477 667 3549 pro
689 3464 810 3523 morte
834 3448 1053 3541 tolleranda,
1079 3476 1268 3553 nunquam
1289 3476 1369 3522 eam
1390 3476 1463 3523 esse
1484 3476 1504 3520 a
1524 3448 1628 3522 vobis

237 3605 255 3642 ιι
272 3571 529 3672 denegandam.
550 3572 657 3643 Nunc
674 3599 781 3658 vero,
807 3572 918 3644 oblita
941 3570 1011 3645 fide
1035 3600 1145 3675 quam
1168 3572 1406 3672 promisistis,
1434 3587 1474 3643 ut.
1499 3568 1625 3663 vidae,

237 3728 256 3764 ιι
273 3697 404 3768 timore
422 3695 570 3781 mortis,
588 3693 634 3766 ab
653 3695 711 3766 illa
728 3693 893 3767 doctrina
909 3695 1018 3795 louge
1033 3694 1143 3767 vultis
1163 3694 1260 3783 fieri,
1281 3720 1412 3796 meque
1430 3692 1546 3767 adbuc
1563 3720 1629 3767 ru·

239 3848 257 3887 ιι
271 3817 354 3892 dem
374 3814 590 3916 discipulum
613 3818 651 3888 in
679 3817 842 3915 periculo
867 3819 997 3890 mortis
1019 3815 1203 3891 dimittere
1227 3816 1499 3916 parvipenditis.
1522 3815 1628 3891 Unde

239 3970 257 4010 ιι
272 3942 381 4040 regiae
395 3941 546 4038 jussioni
566 3938 766 4039 parendum
780 3956 854 4030 est,
874 3956 911 4013 et
932 3939 1098 4016 oboedire
1121 3956 1309 4015 tantorum
1327 3940 1527 4040 praesulum
1541 3964 1629 4031 auc-

239 4093 257 4131 ιι
275 4063 413 4136 toritati
429 4078 591 4161 oportet,
612 4078 656 4134 ut
672 4063 709 4135 in
728 4059 783 4135 bis
797 4088 881 4165 quae
895 4091 913 4135 a
928 4062 1032 4139 vobis
1048 4062 1177 4153 didici,
1196 4064 1224 4135 si
1239 4078 1410 4165 quaeunt
1425 4061 1629 4137 christianae

239 4216 257 4253 ιι
273 4184 441 4283 religioni
462 4186 662 4274 contraria,
683 4187 838 4259 istorum
849 4185 989 4285 judicio
1007 4187 1172 4286 cognita,
1192 4210 1276 4285 quae
1295 4184 1473 4285 sequenda
1491 4200 1631 4261 suntet

239 4337 257 4375 ιι
272 4332 355 4409 quae
369 4303 566 4406 respuenda
579 4332 782 4405 agnoscam.
801 4308 981 4382 Docuistis
994 4306 1161 4410 equidem
1173 4334 1232 4381 me
1245 4308 1384 4380 nullam
1395 4310 1434 4380 in
1447 4308 1628 4385 babtismo

239 4461 258 4500 ιι
274 4430 475 4530 promereri
499 4434 641 4502 reniam
668 4448 921 4528 peccatorum,
952 4458 1071 4533 neque
1097 4431 1281 4504 Christum
1309 4430 1354 4503 de
1376 4430 1528 4531 Virgine
1555 4456 1628 4506 esse

240 4583 258 4622 ιι
276 4571 421 4641 natum,
439 4576 558 4654 neque
571 4579 640 4651 pro
656 4548 866 4626 bominibus
879 4580 1040 4655 passum,
1061 4580 1179 4656 neque
1194 4580 1279 4627 rere
1293 4554 1494 4653 sepultum,
1511 4580 1628 4655 neque

239 4705 257 4743 ιι
276 4702 294 4746 a
311 4675 466 4749 mortuis
484 4675 738 4763 resurrexisse,
760 4700 879 4778 neque
900 4702 1030 4775 panem
1053 4691 1089 4750 et
1111 4676 1239 4749 vinum
1255 4674 1356 4777 quod
1373 4701 1481 4775 super
1497 4674 1627 4769 altare,

240 4828 257 4867 ιι
275 4794 442 4870 manibus
459 4798 702 4886 sacerdotum,
725 4798 846 4871 Sancti
869 4800 1025 4898 Spiritus
1047 4803 1276 4900 operatione,
1301 4799 1389 4871 effici
1409 4797 1554 4871 ridetur
1574 4825 1631 4875 sa·

241 4951 258 4990 ιι
277 4935 520 5009 eramentum,
541 4922 702 4996 converti
722 4947 825 5020 posse
843 4923 881 4995 in
898 4948 1051 5024 corpore
1068 4939 1106 4997 et
1121 4923 1296 5022 sanguine
1313 4919 1461 4993 Christi.
1479 4951 1498 4991 ιι
1515 4922 1625 4999 Gum-

1439 5044 1481 5117 15
