4462 6120
420 689 468 787 rc
864 680 1312 799 ⁵a·aionasrrsruuu

421 851 534 907 terras
551 849 679 908 nostro
698 829 880 933 episcopio
899 829 1148 918 intermixtas,
1167 855 1255 929 quas
1272 829 1323 902 eis
1342 825 1541 902 reddendas
1556 853 1575 898 a
1588 841 1712 900 nostra
1730 822 1819 899 reli·

420 960 533 1067 giope
543 979 770 1054 summopere
786 949 1042 1053 deposcebant.
1058 953 1119 1025 Set
1130 977 1198 1025 nos
1212 950 1496 1052 praecedentium
1510 947 1727 1049 hujussedis
1743 949 1818 1048 epi·

420 1103 614 1178 scoporum
627 1091 830 1178 sequentes,
845 1100 913 1174 pro
930 1100 1046 1173 posse,
1063 1074 1224 1173 vestigia,
1241 1075 1304 1176 qui
1318 1072 1476 1147 eundem
1488 1071 1611 1147 locum
1620 1069 1817 1157 sublimare

420 1220 475 1291 et,
488 1215 613 1301 prout
621 1196 905 1303 possibiieffuit
920 1196 1207 1298 possessionibus
1224 1196 1340 1270 ditare
1357 1197 1588 1288 maluerunt,
1604 1220 1681 1268 non
1697 1193 1817 1271 sotum

418 1350 501 1424 qpae
526 1324 564 1396 in
592 1321 771 1405 calumnia
796 1335 900 1393 erant
924 1319 1115 1393 restituere
1131 1315 1430 1408 deliberavimus,
1456 1334 1510 1395 set
1533 1315 1642 1391 etiam
1665 1340 1749 1418 quae
1773 1338 1816 1390 ex

419 1460 546 1520 nostro
562 1442 611 1516 ibi
631 1436 802 1543 contigua
819 1456 922 1516 erant
941 1439 1127 1541 indulgere
1145 1441 1370 1526 censuimus3
1390 1465 1482 1540 quae
1480 1454 1531 1523 et
1552 1437 1622 1510 illis
1637 1435 1817 1537 stipendia
1859 1430 1864 1442 ⁴

419 1569 568 1655 fierent,
585 1584 621 1640 et
632 1592 702 1668 pro
719 1565 826 1641 nobis
843 1567 1017 1667 omnique
1034 1579 1130 1637 statu
1146 1579 1283 1639 nostrae
1301 1563 1472 1658 aecclesiae
1486 1560 1666 1637 cotidiana
1677 1562 1817 1637 oratio-

420 1715 510 1762 num
524 1688 569 1761 ab
584 1690 668 1788 ipsis
680 1686 951 1789 impenderetur
963 1712 1111 1760 merces.
1126 1689 1240 1759 Terra
1251 1701 1374 1759 autem
1384 1680 1429 1758 de
1441 1711 1513 1787 qua
1524 1685 1725 1785 loquimur,
1735 1709 1818 1782 pars

420 1810 585 1911 quaedam
598 1814 760 1910 conjacet
775 1811 813 1899 in
828 1809 911 1881 villa
925 1835 1009 1911 quae
1020 1806 1156 1880 dicitur
1167 1808 1297 1880 Manus
1309 1807 1468 1896 Villaris,
1486 1823 1523 1880 et
1536 1807 1755 1879 terminatur
1770 1830 1817 1879 ex

420 1925 732 2035 duabusfflartibus
745 1945 840 2002 terra
854 1916 996 2002 Sanctae
1009 1930 1134 2004 Mariae
1147 1928 1191 2002 de
1204 1927 1313 2002 rebus
1325 1928 1483 2002 fratrum
1495 1926 1602 2017 dictae
1617 1925 1724 2015 sedis,
1739 1949 1817 2002 uno

420 2055 530 2128 latere
548 2036 643 2126 tefra
662 2052 833 2153 episcopii
852 2068 887 2126 et
904 2051 1078 2141 fratrum,
1098 2051 1212 2171 altero
1229 2048 1391 2137 latere
1358 2075 1413 2124 vra
1431 2075 1515 2151 quae
1530 2047 1630 2121 ducit
1648 2045 1692 2119 ad
1710 2047 1818 2120 Ami-

420 2179 551 2252 liacum
567 2179 703 2257 villam.

471 2333 489 2372 ιι
498 2302 747 2377 concessimus
760 2318 868 2377 etiam
876 2328 940 2395 ers
954 2328 992 2374 ιιι
1003 2302 1117 2378 altero
1125 2301 1278 2404 locoqur
1288 2301 1423 2375 dicitur
1431 2299 1719 2402 Campusl'ollrs,
1733 2326 1818 2401 quae

420 2422 487 2495 sub
504 2438 627 2499 nostra
641 2425 786 2499 dicione
802 2424 953 2525 partim
949 2424 1166 2499 videbamur
1179 2408 1323 2499 habere.
1341 2425 1435 2524 Quae
1449 2427 1558 2499 etiam
1576 2440 1672 2499 terra
1689 2426 1819 2499 termi-

419 2561 529 2618 natur
544 2572 620 2621 uno
636 2546 795 2620 latere
761 2573 817 2618 vra
836 2545 1000 2661 publraa,
1019 2547 1134 2620 altero
1150 2547 1261 2620 latere
1277 2572 1401 2665 usque
1409 2547 1458 2621 ad
1469 2571 1674 2621 concessam
1691 2570 1818 2649 prece-

418 2669 510 2740 riam
525 2694 636 2768 quam
648 2669 809 2742 Herveus
827 2681 946 2763 tenete,
959 2694 1032 2740 una
1045 2669 1170 2743 fronte
1184 2684 1279 2741 terra
1292 2639 1414 2742 Sancti
1429 2669 1518 2740 Piati
1533 2685 1569 2742 et
1580 2667 1627 2740 de
1638 2683 1818 2768 potestate

416 2789 880 2897 episcopalrmltergfronte
890 2815 1005 2891 prope
1015 2788 1382 2893 vallemquaedrcrtur
1391 2789 1513 2862 Sancti
1525 2789 1718 2862 Cauraunr
1730 2789 1818 2861 llaec

419 2911 533 3009 igitur
543 2912 667 2983 omnia
678 2906 772 2982 sidat
785 2909 956 3010 premissa
971 2928 1070 3000 sunt,
1086 2904 1441 3007 nostrtliauctoritate
1453 2927 1489 2984 ct
1503 2936 1681 2987 consensu
1692 2910 1817 2983 aeccle·

419 3034 481 3107 siae
491 3051 640 3123 nostrae,
658 3049 731 3108 tam
742 3034 963 3123 clericorum
970 3060 1080 3135 quam
1096 3022 1286 3123 laieofti'in,
1302 3037 1352 3108 eis
1365 3033 1597 3109 concedimus
1603 3064 1614 3124 ς
1629 3050 1666 3109 et
1678 3051 1721 3106 ut
1733 3060 1817 3134 per·
1849 3076 1850 3081 ι

419 3172 563 3255 petuam
583 3155 747 3237 obtineat
764 3155 996 3231 stabilitatem
1014 3157 1236 3230 unanimiter
1253 3155 1496 3244 decrevimus;
1517 3173 1555 3230 et
1577 3173 1620 3228 ut
1641 3140 1816 3231 inliciatd

418 3276 553 3352 robore
566 3295 843 3365 conserventur,
861 3276 1129 3393 subscriptione
1146 3303 1275 3351 manus
1290 3280 1451 3378 propriae
1470 3279 1708 3379 omniumque
1725 3276 1817 3352 lide-

420 3398 509 3471 lium
533 3408 747 3475 nostrorum
769 3386 1003 3474 adnotatione
1021 3403 1259 3475 correximus.
1288 3402 1324 3473 Si
1347 3403 1429 3501 quis
1447 3416 1570 3475 autem
1592 3417 1720 3477 contm
1746 3401 1816 3477 hoc

418 3506 833 3594 beneficientiaenostrae
847 3519 1035 3595 donumse
1048 3520 1239 3621 obponere
1249 3520 1426 3611 voluerit
1443 3539 1504 3595 aut
1517 3549 1602 3596 eum
1615 3521 1822 3624 infringere

420 3647 664 3744 temptaverit,
678 3662 866 3744 perpetuae
878 3623 1152 3720 maledictionis
1157 3645 1390 3719 confodiatur
1403 3645 1645 3735 anathemate,
1655 3674 1721 3746 pat
1723 3663 1816 3720 tem-

419 3795 490 3871 que
507 3795 592 3841 cum
608 3768 664 3842 his
675 3768 822 3857 habeat,
840 3770 986 3843 aeternis
1000 3768 1169 3842 detrusus
1184 3768 1373 3859 incendiis,
1392 3797 1455 3872 qur
1447 3771 1643 3871 dixerunt
1655 3771 1815 3845 Domino

419 3892 495 3965 Deo
509 3923 516 3962 :
529 3893 674 3964 Recede
685 3919 709 3965 a
720 3892 838 3984 nohis,
848 3896 1348 3968 seientiamviarumtuarum
1358 3895 1542 3970 nolumus.
1553 3897 1708 3996 Signum
1717 3894 1816 3970 0d0·
1846 3978 1855 3993 ἱ

420 4017 659 4115 nispraesulis.
674 4017 710 4090 S.
722 4017 885 4118 suggerii
902 4018 1041 4092 decani.
1055 4022 1091 4092 8“.
1106 4019 1556 4122 Hugonisarchiepiscopi.
1573 4021 1611 4093 S.
1626 4019 1813 4095 Fulconis.

419 4144 457 4214 8.
477 4139 672 4215 Fulcherii.
692 4143 729 4215 S.
745 4137 921 4243 Helgaldi.
937 4143 975 4215 8.
991 4142 1142 4218 Giraldi..
1162 4147 1199 4217 S
1214 4142 1414 4225 Vllidonis.
1430 4145 1467 4217 8.
1484 4141 1668 4216 Aimerici.
1688 4143 1727 4217 8.
1742 4145 1816 4217 llo-

418 4264 522 4338 tufi
543 4265 580 4337 s
601 4263 760 4340 ιιιοιιιι.
771 4246 814 4339 s.
830 4264 1003 4356 archerii.
1021 4267 1058 4339 s.
1075 4267 1260 4368 vvtgern.
1278 4268 1315 4340 s.
1332 4259 1518 4342 cernunt
1534 4264 1572 4338 s
1590 4265 1814 4373 aremberti,

420 4389 457 4459 8.
483 4386 659 4463 Hilduini.
685 4390 722 4462 S.
745 4387 933 4464 Jobannis.
955 4390 1171 4464 S.He11ve1
1192 4392 1230 4465 S.
1247 4389 1378 4465 Adam.
1402 4391 1440 4464 S.
1459 4388 1625 4466 drdradi.
1647 4390 1684 4462 S.
1705 4386 1815 4463 Lam'-

419 4508 527 4582 berti.
548 4510 585 4582 S.
605 4510 792 4585 Bernardi.
813 4513 849 4585 S.
870 4510 1045 4587 Dodonis.
1064 4512 1101 4585 S.
1118 4514 1303 4592 Falconis.
1324 4513 1361 4635 S.
1383 4510 1556 4588 Odilardi.
1577 4514 1612 4587 S.
1631 4509 1812 4587 Romaldi.

420 4632 455 4704 8
473 4632 611 4710 Alonis.
630 4635 667 4706 S.
688 4635 809 4708 Ysaac.
831 4635 868 4708 S.
887 4635 1065 4737 Vulgisi.›
1058 4669 1073 4706 ιι
1735 4714 1761 4763 θ’
1795 4676 1798 4681 -
