4462 6120
435 719 483 786 20
957 711 1305 786 MONAsruntttn

436 860 608 934 canonica
647 858 877 932 institutione
905 858 1121 932 clericortun
1157 873 1374 932 cunctorum
1405 857 1584 958 graduum
1622 856 1714 931 inibi
1748 853 1829 930 Deo

384 1009 386 1012 ·
436 983 590 1072 servire,
606 997 765 1053 sanctam
777 979 978 1055 exercendo
994 981 1227 1081 religionem,
1241 982 1424 1080 jussimus.
1445 982 1625 1081 Tempore
1639 983 1668 1055 si
1681 976 1830 1081 quidem

436 1107 532 1204 pacis
546 1108 622 1204 jam
640 1104 728 1177 olim
750 1102 934 1204 splendide
953 1105 1055 1178 locus
1073 1104 1132 1176 ille
1154 1104 1272 1205 viguit
1283 1158 1294 1192 ,
1314 1104 1353 1175 in
1380 1103 1562 1177 canonicis
1577 1104 1654 1178 Deo
1667 1102 1832 1176 militan-

438 1225 536 1300 tibus
548 1243 584 1301 et
596 1229 634 1299 in
645 1228 823 1300 exercitiis
835 1227 1021 1302 bonorum
1031 1253 1183 1328 operum
1195 1225 1289 1300 bene
1302 1224 1583 1315 decertantibus3
1599 1243 1652 1298 set
1663 1227 1833 1325 ingruen-

438 1350 537 1422 tibus
548 1376 772 1450 paganorum
783 1349 1285 1452 infestationibusceterisque
1295 1347 1829 1448 supervenientibuspressuris,

440 1472 556 1571 ipsum
564 1498 656 1571 pene
673 1471 873 1548 desolatum
891 1474 1108 1546 invenimus.
1128 1472 1236 1547 Nunc
1249 1487 1389 1562 autem,
1408 1470 1597 1572 adjuvaute
1616 1472 1681 1544 Dei
1698 1470 1830 1571 gratia,

439 1595 604 1693 cupimus
634 1595 814 1693 pritinos¹
843 1594 1029 1694 religionis
1057 1620 1233 1670 renovare
1257 1621 1359 1684 usus,
1393 1609 1435 1665 ut
1463 1595 1514 1667 ibi
1541 1594 1618 1666 laus
1646 1595 1713 1667 Dei
1745 1619 1833 1694 per-

440 1716 610 1788 henniter
629 1716 832 1789 celebretur
851 1716 1050 1791 canonicali
1069 1717 1252 1791 autentico
1266 1717 1304 1789 in
1318 1716 1483 1816 psalmis,
1503 1718 1620 1815 ymnis
1636 1732 1673 1789 et
1687 1716 1835 1790 canticis

316 1828 321 1833 ⁵
441 1839 676 1938 spiritalibus,
690 1839 871 1939 pepetuali
889 1840 966 1911 ritu
979 1838 1258 1914 observandum.
1273 1841 1413 1913 Interea
1431 1854 1484 1911 est
1500 1836 1663 1938 quaedam
1682 1854 1777 1911 terra
1796 1840 1835 1910 in

441 1960 592 2033 absitate
610 1960 773 2050 redacta,
800 1961 921 2033 Sancti
945 1963 1043 2034 Petri
1073 1959 1160 2033 haut
1184 1961 1313 2061 procul
1337 1958 1383 2032 ab
1407 1960 1485 2059 ipso
1503 1962 1744 2051 monasterio,
1770 1958 1835 2032 ubi

442 2084 580 2155 clausus
609 2082 809 2157 fructiferae
836 2085 952 2157 vineae
978 2082 1258 2157 indominicatus
1286 2082 1471 2183 qnondam
1499 2081 1654 2155 fratrum
1678 2080 1836 2182 ejusdem

444 2205 604 2281 coenobii
636 2208 757 2279 extitit
763 2237 774 2296 3
808 2221 861 2279 set
889 2233 909 2277 a
941 2223 1154 2281 nostrorum
1176 2205 1335 2306 quodam
1364 2222 1630 2297 antecessorum
1655 2204 1837 2279 alimoniae

442 2353 570 2403 eornm
584 2327 788 2401 subtractus
798 2328 1034 2430 dominioque
1048 2329 1262 2428 episcopali,
1284 2329 1405 2427 inepta
1423 2327 1640 2428 cupiditate,
1655 2327 1835 2400 detentus.

445 2452 516 2545 Qui
529 2451 639 2523 etiam
650 2452 880 2540 terminatur,
896 2451 941 2523 ab
955 2477 1030 2524 uno
1042 2451 1167 2539 latere,
1180 2451 1236 2523 via
1248 2448 1393 2549 publica
1403 2449 1580 2541 adSanoti
1595 2450 1745 2551 Martini
1756 2473 1838 2549 qnoe

444 2571 545 2645 ducit
561 2575 839 2662 monasterium,
860 2572 905 2644 ab
922 2572 993 2656 alio
1009 2599 1170 2674 quoque,
1190 2571 1342 2646 tetrade
1360 2572 1482 2656 eadem
1498 2548 1674 2672 potestate
1680 2602 1690 2660 ς
1707 2554 1754 2644 ab
1765 2596 1837 2643 una

403 2747 408 2758 -
445 2713 565 2769 autem
572 2694 711 2783 fronte,
730 2710 823 2769 terra
832 2694 876 2768 de
890 2695 1012 2768 eadem
1022 2710 1199 2794 potestate
1213 2709 1249 2768 et
1257 2695 1379 2767 Sancti
1394 2696 1504 2782 Piati3
1520 2692 1566 2766 ab
1579 2694 1690 2767 altera
1701 2702 1837 2787 anoem,
1853 2749 1857 2758 ·

413 2864 419 2874 x
445 2819 500 2889 via
526 2844 608 2918 quae
633 2817 734 2890 ducit
759 2817 802 2889 ad
823 2821 899 2915 jam
925 2815 1012 2889 dicti
1042 2818 1163 2890 Sancti
1191 2817 1288 2890 Petri
1314 2817 1588 2892 monasterium.
1617 2819 1696 2916 Ego
1720 2810 1840 2917 itaque

446 2938 591 3037 Agonus
609 2939 830 3014 constitutus
845 2940 1014 3027 antistes,
1037 2940 1094 3011 cui
1116 2938 1289 3011 divinitus
1308 2937 1436 3037 judicii
1454 2955 1585 3033 statetga
1607 2955 1643 3012 et
1659 2938 1840 3040 requitatis

447 3077 500 3132 est
516 3085 701 3149 concessa,
721 3087 793 3133 una
812 3087 896 3134 cum
913 3086 1090 3134 consensu
1106 3077 1143 3135 et
1162 3061 1411 3147 obsecratione
1425 3059 1585 3135 fidelium
1601 3055 1837 3147 nostrornm,

446 3179 570 3256 dantes
583 3181 765 3256 reddimus
777 3187 873 3283 juste
888 3182 1039 3269 eandem
1057 3184 1164 3256 clausi
1182 3183 1435 3259 indominicati
1456 3200 1591 3256 terram
1597 3237 1609 3271 ,
1629 3198 1672 3253 ut
1687 3179 1842 3256 babeant

335 3305 338 3310 ’
447 3332 590 3393 secure,
612 3321 759 3379 teneant
777 3305 940 3380 absolute
960 3306 1234 3409 possideantque
1251 3309 1389 3407 jugiter
1406 3295 1484 3380 eam
1505 3305 1695 3406 praelocuti
1713 3303 1843 3377 fratres

448 3428 568 3501 Sancti
587 3429 703 3515 Petri,
726 3430 765 3500 in
781 3430 940 3526 propriis
956 3427 1080 3501 usibus
1097 3427 1357 3529 stipendiariis,
1376 3429 1510 3529 absque
1528 3428 1598 3500 ulla
1614 3425 1844 3527 repetitionis

449 3551 639 3638 calunnia,
663 3565 698 3623 et
718 3549 871 3649 desuper
889 3551 1004 3623 securi
1019 3550 1206 3638 edificent,
1227 3551 1396 3652 plantent
1406 3565 1444 3623 et
1457 3549 1691 3638 construant,
1709 3547 1843 3620 Christi

444 3673 647 3770 juvamine,
673 3671 772 3743 nulla
796 3671 1000 3771 refragante
1018 3669 1284 3771 inquietudine.
1304 3642 1476 3757 lledimus
1493 3673 1602 3742 etiam
1620 3674 1658 3742 in
1674 3669 1747 3744 alio
1761 3656 1844 3744 loeo

450 3794 637 3884 similiter,
656 3794 741 3892 ipsis
757 3775 903 3894 quoque
927 3795 1129 3881 canonicis,
1152 3809 1289 3889 terram¹
1311 3817 1427 3891 prope
1444 3793 1628 3866 civitatem
1640 3826 1650 3880 3
1675 3817 1758 3892 quae
1783 3793 1845 3864 in-

452 3915 541 4014 cipit
558 3942 577 3987 a
594 3914 676 3988 loco
697 3913 760 3986 ubi
776 3916 994 3988 terminatur
1008 3931 1102 3988 terra
1120 3915 1242 3988 Sancti
1257 3913 1388 3987 Aniani
1406 3914 1576 4015 usquead
1592 3932 1737 4014 portam
1750 3910 1846 4015 'ejus-

452 4035 536 4109 dem
552 4038 674 4111 Sancti
698 4039 795 4124 ,Petri
821 4040 1052 4131 monasterii,
1076 4064 1160 4110 cum
1183 4063 1330 4112 ascensu
1353 4057 1391 4112 et
1410 4037 1581 4111 descensu
1610 4037 1731 4127 vallis,
1761 4049 1846 4138 quoe'

453 4161 671 4233 terminatur
688 4159 734 4231 ab
754 4185 831 4236 uno
848 4160 959 4234 latere
983 4163 1040 4233 via
1063 4160 1207 4260 publica
1219 4161 1269 4249 ,a
1287 4161 1431 4234 ciuitate
1447 4186 1561 4262 usque
1581 4160 1624 4233 ad
1648 4157 1741 4233 idem
1764 4182 1847 4233 mo-

454 4284 652 4355 nasterium
668 4298 926 4381 praetaxatum,
946 4298 988 4354 ut
1009 4281 1186 4383 desuper,
1199 4282 1302 4356 nullo
1323 4279 1521 4358 obsistente
1541 4282 1731 4383 repagulo,
1758 4276 1850 4355 edt-

454 4402 564 4477 ficent
589 4420 626 4477 et
645 4421 817 4477 extruant
842 4420 880 4479 ct
903 4428 1124 4507 quocunque
1143 4406 1333 4479 meliorare
1350 4407 1610 4483 modo·melius
1634 4405 1845 4506 potuerint,

455 4524 598 4602 Christo
617 4527 807 4627 adjuvante
822 4544 930 4629 atque
947 4546 1071 4603 nostra
1093 4529 1257 4619 licentia,
1282 4527 1437 4603 habeant
1453 4529 1606 4604 liberam
1623 4526 1844 4600 facultatem.

456 4651 492 4722 Si
506 4651 587 4751 quis
600 4665 721 4723 autem
734 4667 948 4727 nostrorum
958 4676 1221 4743 successorum,
1236 4652 1336 4753 quod
1348 4652 1458 4744 absit,
1475 4670 1548 4728 tam
1562 4651 1760 4726 malesanus
1773 4673 1848 4722 esse
1910 4752 1912 4756 ‚

501 4921 509 4947 ¹
526 4911 593 4992 Leg.
605 4913 755 4995 pristinos.
