4462 6120
253 710 322 780 tto
767 704 1126 781 MONASTERIUM
1200 768 1201 772 ,

249 855 364 930 moles
374 855 626 955 peccaminum
640 867 850 928 nostrorum
865 852 1105 942 alleviaretur,
1121 868 1159 929 et
1168 881 1236 955 pro
1248 853 1354 930 uobis
1365 853 1494 930 diatim
1504 876 1650 934 orantes

249 1004 328 1052 uon
340 976 527 1065 deforent,
544 975 652 1052 corde
664 975 826 1075 benigno
843 991 1085 1085 promptaque
1099 976 1306 1067 voluntate,
1327 977 1499 1053 locellum
1516 996 1649 1054 sanctae

249 1101 376 1174 Mariae
397 1100 441 1175 de
465 1100 605 1173 Plancis
628 1098 859 1172 concedimus
882 1115 1007 1173 sancto
1024 1102 1133 1174 Petro
1151 1126 1195 1174 ex
1213 1101 1426 1175 carnotensi
1450 1101 1645 1191 coenobio,

249 1249 333 1298 cum
352 1222 490 1297 decima
512 1248 594 1324 quae
619 1217 663 1294 ad
680 1222 801 1297 locum
816 1222 996 1321 pertinet,
1017 1237 1054 1295 et
1068 1221 1247 1308 suburbio
1265 1239 1303 1296 et
1324 1224 1469 1300 teloneo
1492 1242 1529 1298 et
1548 1225 1645 1325 fem

248 1373 326 1420 eam
343 1337 480 1421 scilicet
497 1364 639 1447 partem
660 1372 742 1446 quae
760 1344 804 1418 ad
825 1371 883 1417 me
901 1345 1061 1444 pertinet
1068 1372 1079 1433 3
1104 1361 1141 1419 ct
1162 1370 1279 1418 unum
1299 1325 1648 1438 farinariumscum

249 1469 367 1542 tribus
392 1469 506 1570 leugis
526 1495 629 1570 aquae
648 1468 693 1543 ud
709 1469 940 1567 piscandum,
962 1467 998 1541 id
1015 1482 1089 1558 est,
1110 1469 1148 1540 in
1165 1468 1266 1558 Rislo
1285 1486 1322 1543 et
1344 1472 1382 1544 iu
1405 1467 1525 1547 M‘oira
1548 1488 1586 1545 et
1608 1473 1646 1544 iu

247 1595 370 1680 ltone;
393 1608 558 1669 etunam
573 1594 803 1693 'piscatoriam
822 1593 861 1682 in
878 1593 1069 1682 Terciaco,
1091 1607 1128 1667 et
1145 1591 1320 1674 decimam
1340 1621 1383 1668 ex
1400 1595 1478 1668 aliis
1493 1595 1647 1695 piscato·

247 1716 310 1788 riis
329 1732 366 1789 et
381 1715 425 1790 de
439 1716 588 1790 exclusis
604 1741 687 1817 quae
706 1715 756 1787 ibi
775 1730 860 1787 sunt
876 1714 1101 1813 pertinentes
1118 1695 1250 1789 adme.
1270 1718 1327 1790 Do
1345 1717 1454 1790 etiam
1472 1717 1516 1791 de
1529 1720 1643 1817 pratis

248 1856 320 1915 tres
346 1841 539 1940 aripennos
567 1855 651 1913 ante
684 1838 887 1927 ecclesiam,
917 1857 953 1912 et
978 1836 1023 1911 de
1048 1853 1145 1911 terra
1167 1837 1284 1928 culta,
1308 1856 1488 1939 quantum
1507 1839 1646 1914 duabus

246 1963 404 2034 carrucis
424 1962 565 2034 sufficit.
585 1962 638 2035 De
660 1961 808 2035 Moliuis
832 1959 998 2034 videlicet
1023 1986 1106 2033 meo
1133 1978 1275 2052 castro,
1297 1960 1476 2036 decimam
1497 1966 1646 2037 mercati

247 2085 359 2159 totius
371 2091 459 2158 anni
473 2083 655 2171 concedo,
675 2083 772 2156 etde
787 2084 889 2157 omni
905 2081 1047 2156 tributo
1062 2085 1263 2182 pertinenti
1278 2084 1322 2158 ad
1341 2086 1459 2185 ipsum
1473 2102 1643 2160 castrum.
1743 2101 1749 2109 “

246 2208 424 2284 loculum
439 2232 587 2309 quoque
606 2205 800 2306 praefatum
816 2206 864 2276 ita
882 2203 1062 2279 adornent
1074 2206 1244 2298 monachi
1260 2208 1382 2280 Sancti
1400 2209 1498 2282 Petri
1516 2224 1553 2282 et
1569 2208 1648 2283 edi-

244 2330 376 2420 ficent,
396 2331 451 2403 uti
469 2354 576 2402 suum
593 2329 787 2428 proprium
796 2381 807 2417 ,
826 2342 868 2400 ut
887 2329 927 2401 in
945 2327 1015 2403 hoc
1033 2344 1070 2403 et
1090 2355 1199 2429 super
1216 2328 1287 2406 hoc
1302 2331 1530 2431 glorificetur
1549 2334 1646 2407 Deus

244 2480 309 2552 per
327 2455 435 2554 ipsos.
456 2454 544 2527 Haec
560 2478 648 2529 vero
664 2450 815 2526 donatio
832 2451 902 2526 loci
921 2469 965 2525 ut
988 2451 1094 2525 firma
1118 2453 1157 2526 iu
1177 2472 1396 2555 perpetuum
1415 2474 1641 2557 permaneat,

244 2577 418 2654 manibus
429 2577 589 2676 propriis
607 2576 700 2649 hanc
720 2591 855 2679 cartam
875 2577 1216 2666 corroboravimus,
1240 2604 1308 2679 ego
1334 2595 1372 2653 et
1392 2604 1486 2656 uxor
1507 2607 1586 2654 mea
1608 2597 1646 2655 et

243 2697 308 2772 filii
339 2699 456 2775 nostri
469 2728 480 2789 3
508 2715 545 2773 et
573 2697 711 2775 domno
742 2725 824 2774 meo
853 2698 1052 2773 Guillelmo
1084 2701 1235 2791 comiti,
1267 2727 1312 2775 ex
1338 2705 1438 2802 cujus
1462 2703 1644 2778 beneficio

244 2838 375 2896 tenere
392 2822 536 2911 videor,
565 2819 810 2895 roborandam
842 2819 995 2909 tradidi,
1025 2822 1269 2924 episcopoque
1298 2840 1425 2901 nostro
1452 2827 1554 2902 lvoni
1566 2880 1577 2916 ‚
1606 2840 1665 2901 et'

242 2945 415 3019 omnibus
448 2946 677 3020 convicaneis
707 2960 745 3019 et
777 2944 1016 3018 obtimatibus
1045 2946 1161 3036 meis,
1198 2948 1261 3048 qni
1292 2946 1485 3049 subscripti
1517 2964 1604 3022 sunt
1619 2968 1640 3022 ':

244 3066 378 3144 idcirco
412 3084 454 3140 ut
483 3069 511 3140 si
542 3068 763 3170 aliquando,
804 3069 999 3168 instigante
1026 3067 1198 3161 diabolo,
1235 3071 1365 3173 aliquis
1396 3097 1642 3148 successorum

244 3191 365 3293 (quod
384 3191 524 3292 absitl)
543 3191 635 3265 hanc
656 3193 893 3268 donationem
912 3210 948 3267 ct
968 3197 1238 3269 concessionem
1260 3213 1422 3270 nostram
1442 3195 1643 3296 infringere

140 3319 144 3327 “
242 3315 410 3413 cupierit,
427 3314 727 3390 corroboratores
739 3315 933 3417 subscripti
950 3331 1056 3392 testes
1068 3333 1107 3390 et
1116 3315 1322 3392 defensores
1335 3319 1422 3407 sint,
1438 3320 1515 3393 vice
1529 3320 1642 3394 sancti

239 3439 359 3529 Petri,
378 3440 626 3539 apostolorum
645 3440 835 3538 principis.
858 3439 893 3511 Si
909 3440 990 3540 quis
1009 3456 1131 3512 autem
1145 3439 1237 3512 hauc
1249 3440 1485 3520 donationem
1503 3440 1643 3514 infrin-

239 3588 323 3660 gere
354 3564 610 3663 temptaverit,
644 3563 712 3634 nisi
745 3563 960 3662 resipuerit,
989 3562 1353 3664 dampnatupereat
1383 3563 1420 3635 in
1446 3578 1638 3637 aeternum.

239 3685 276 3755 S.
293 3683 477 3757 Guillelmi
489 3686 646 3759 comitis.
665 3685 702 3757 S.
715 3684 915 3775 Guillelmi,
933 3685 998 3758 lilii
1010 3684 1168 3758 Osberti.
1188 3685 1225 3757 S.
1239 3684 1454 3774 Guimundi,
1470 3686 1533 3787 qui
1548 3684 1641 3757 hanc

239 3805 476 3881 donationem
487 3807 587 3881 fecit.
604 3810 642 3881 S.
655 3808 811 3895 Emmoe,
826 3809 952 3884 uxoris
966 3814 1055 3906 ejus.
1069 3807 1281 3898 sutodulfi,
1294 3807 1362 3882 filii
1376 3811 1466 3908 ejus.
1485 3809 1523 3882 S.
1540 3807 1641 3883 Rod-

239 3927 350 4015 berti,
372 3928 437 4001 filii
455 3931 543 4029 ejus.
563 3930 599 4001 S.
613 3930 781 4018 Antonii,
799 3929 864 4002 lilii
880 3933 968 4029 ejus.
989 3929 1255 4021 S.Guimundi,
1273 3930 1339 4005 filii
1355 3934 1443 4030 ejus.
1463 3931 1503 4004 S.
1517 3933 1639 4030 liugo-

240 4052 310 4142 nis,
325 4051 391 4126 filii
405 4058 493 4152 ejus.
513 4053 550 4127 S.
560 4052 788 4143 Alauni,filii
802 4055 891 4151 ejus.
907 4051 1155 4143 S.Guillelmi,
1167 4053 1233 4129 filii
1246 4060 1335 4152 eius.
1352 4053 1390 4127 S.
1402 4053 1637 4154 Toresguudi,
1748 4065 1752 4072 “

239 4172 304 4246 filii
325 4177 412 4272 ejus.
435 4176 473 4248 S.
484 4175 670 4250 Guillelmi
687 4176 732 4250 de
747 4175 900 4250 Plancis.
923 4176 961 4248 S.
972 4174 1135 4265 Fulberti
1150 4175 1285 4250 clerici.
1312 4176 1350 4248 S.
1363 4174 1508 4249 Radulfi
1524 4175 1640 4276 capel-

239 4294 326 4370 lani.
349 4296 583 4373 S.Guillelmi
599 4300 802 4374 telonearii.
826 4300 863 4372 S.
877 4297 1056 4389 Fulberti,
1070 4298 1356 4374 liliiBertranni.
1385 4299 1424 4371 S.
1436 4295 1638 4374 Guiddonis

240 4417 376 4494 clerici.
394 4452 413 4491 u
