4462 6120
740 721 774 792 S.
793 713 935 793 PETRI
960 712 1302 793 CARNOTENSIS.
1649 723 1716 791 159

715 1024 1081 1115 CAPITULUM
1118 1024 1327 1115 XXXII.

658 1299 782 1356 Donatio
797 1297 1011 1356 collibertorum
1026 1319 1043 1355 a
1056 1296 1223 1356 vicecomite
1238 1295 1378 1356 Ebrardo.

375 1595 392 1631 a
403 1564 443 1635 ln
456 1558 606 1633 nomine
616 1557 765 1632 Domini
776 1559 892 1634 nostri
902 1555 1011 1631 Jhesu
1020 1554 1170 1645 Christi,
1183 1555 1249 1629 filii
1259 1558 1321 1631 Dei
1336 1558 1481 1631 summi.
1494 1558 1575 1659 Ego
1586 1556 1720 1631 Ebrar·
1745 1571 1805 1615 am-
1817 1585 1838 1613 ²·
1852 1570 1920 1617 ¹⁰⁷⁰·

323 1684 409 1775 dus,
431 1682 710 1757 carnotensium
726 1681 963 1769 vicecomes¹,
987 1696 1120 1754 notum
1142 1703 1215 1752 esse
1241 1679 1326 1754 volo
1347 1680 1589 1781 praesentibus
1611 1698 1719 1783 atque

323 1806 477 1899 futuris,
501 1802 601 1907 quod
625 1802 793 1877 adierunt
815 1829 932 1876 meam
958 1802 1189 1903 praesentiam
1213 1802 1336 1875 Sancti
1361 1803 1460 1877 Petri
1487 1804 1719 1879 Garnotensis

323 1927 513 2015 monachi,
532 1927 781 2028 deprecantes,
802 1940 861 2012 ut,
881 1952 949 2025 pro
968 1923 1127 1998 remedio
1146 1925 1276 1997 animae
1291 1950 1400 2011 meae,
1418 1925 1640 2000 dimitterem
1658 1953 1719 1999 ca-

323 2051 524 2150 lumpniam
540 2075 650 2149 quam
668 2046 883 2120 immiseram
902 2047 941 2118 in
960 2045 1043 2119 filiis
1065 2045 1227 2120 Girberti
1237 2100 1249 2135 ,
1267 2047 1337 2119 mei
1363 2048 1478 2139 servi,
1499 2047 1543 2121 de
1566 2048 1717 2121 Ymonis

323 2170 437 2260 Villa,
453 2172 517 2272 qui
532 2196 575 2242 ex
590 2168 718 2241 ancilla
733 2168 854 2241 Sancti
869 2169 965 2240 Petri
984 2167 1215 2241 Garnotensis
1233 2168 1307 2239 nati
1328 2184 1428 2240 sunt.
1448 2169 1555 2262 Quod
1573 2185 1610 2243 et
1627 2169 1716 2256 feci,

325 2293 501 2395 accipiens
523 2290 568 2364 ab
590 2291 640 2364 eis
665 2306 814 2363 centum
830 2289 963 2363 solidos
983 2315 1221 2363 nummorum
1237 2306 1273 2365 et
1290 2292 1436 2363 unciam
1451 2292 1550 2378 auri3
1574 2307 1611 2364 et
1626 2318 1719 2367 con-

324 2414 409 2487 cessi
426 2414 560 2487 Sancto
574 2414 684 2485 Petro
702 2410 915 2484 carnotensi
932 2428 969 2484 ct
986 2410 1173 2485 monacbis
1189 2410 1449 2485 famulantibus
1469 2412 1621 2502 ibidem,
1641 2411 1720 2486 abs-

323 2561 393 2636 que
407 2533 625 2635 calumpnia,
641 2533 737 2635 ipsos
752 2530 846 2604 filios
858 2530 1022 2607 Girberti
1035 2549 1071 2606 et
1081 2533 1348 2633 Beringcrium,
1365 2551 1561 2635 cognatum
1575 2560 1717 2621 eorum,

324 2682 407 2728 cum
428 2679 543 2729 uxore
565 2671 602 2727 et
624 2652 708 2726 liliis
731 2669 768 2725 et
791 2650 933 2725 filiabus
958 2653 1048 2742 suis,
1071 2670 1108 2726 et
1124 2656 1299 2755 progenie
1322 2657 1432 2755 ipsius
1453 2654 1632 2746 Gisberti,
1655 2663 1719 2758 qui

326 2778 417 2851 infra
448 2779 624 2851 terminos
653 2776 788 2852 lmouis
815 2774 921 2851 Villae
947 2775 1068 2878 degit,
1096 2803 1166 2876 pro
1193 2776 1354 2852 remedio
1381 2781 1511 2854 animae
1541 2808 1653 2867 mcae,
1683 2796 1719 2853 et

323 2918 516 3001 parentum
537 2924 724 2987 meorum,
742 2898 938 2999 uxorisque
957 2923 1046 2971 meae
1064 2898 1274 3000 Hunbcrgae
1295 2917 1331 2973 et
1349 2900 1511 2975 filiorum
1530 2929 1715 2991 meorum;

323 3025 494 3125 quatinus
512 3021 558 3094 ab
576 3020 750 3096 hodierna
768 3018 826 3093 die
844 3036 881 3093 et
898 3020 1066 3121 deinceps
1086 3023 1244 3093 serviant
1261 3023 1466 3111 monacbis,
1488 3024 1622 3126 absque
1642 3027 1717 3101 ullo

324 3145 552 3222 contradictu
570 3159 606 3218 et
623 3142 841 3243 calumpnia.
861 3142 1012 3237 Quod
986 3169 1014 3215 s1
1032 3148 1113 3245 quis
1131 3142 1222 3216 banc
1241 3146 1416 3217 cartulam
1431 3163 1466 3219 ct
1483 3149 1717 3222 donatiouem

323 3268 517 3371 dampnare
536 3267 728 3356 voluerit,
731 3262 950 3397 dampnatus
970 3282 1092 3365 pereat
1115 3268 1154 3339 in
1176 3283 1368 3340 aeternum.
1398 3268 1435 3340 S
1449 3268 1653 3342 Ebrardi
1619 3296 1718 3343 vice-

324 3391 560 3491 comitis,qur
548 3366 1031 3461 'bancdonatioriitmfecit.
1041 3366 1089 3457 ’.8
1103 3384 1275 3475 Ebrarrli,
1294 3385 1403 3459 lilii
1374 3412 1460 3487 ejus.
1481 3391 1519 3462 S.
1535 3392 1713 3491 Hugouis,

324 3506 1033 3610 filnejusS.lluncbergae,uxor1sejus
1051 3502 1717 3595 SOdonrs,l1ln(1uaszon1sS.Gua-

323 3632 415 3733 rini,
434 3628 499 3703 filii
517 3625 672 3705 Guarini
689 3626 733 3701 de
749 3629 882 3701 Turre.
893 3616 1152 3723 SGualterii,
1170 3627 1235 3701 filii
1255 3629 1433 3705 Loscelim
1448 3631 1492 3705 de
1506 3632 1617 3707 Curta
1633 3632 1716 3705 En-

324 3688 444 3828 tismb.
467 3748 699 3839 S.Gunterii,
715 3748 780 3822 filu
792 3724 992 3822 Harmonrs
1012 3738 1241 3822 SGurdoms
1254 3748 1439 3851 Apostoli
1457 3769 1494 3825 et
1507 3751 1713 3841 Gausbertr,

321 3877 491 3951 fratris
460 3900 548 3977 ejus.
567 3870 621 3947 Er
641 3888 765 3947 nostra
780 3876 913 3972 parte.
904 3871 1107 3945 ·Arnulfus
1123 3872 1293 3973 Bigotus3
1313 3872 1533 3974 Stephanus,
1553 3875 1715 3951 Dodonis

323 3999 439 4087 filius3
463 3991 675 4071 Gausl'ridus
699 3992 899 4085 Tosardus,
923 3993 1110 4067 Teduinus
1134 3998 1270 4095 major,
1298 3994 1483 4069 Hubertus
1507 3998 1713 4090 Bovardus,

323 4120 568 4194 Gualteriolus
595 4116 640 4193 de
675 4118 908 4223 Monostepio.
941 4116 1150 4192 Rodbertus
1181 4117 1379 4192 monachus
1417 4120 1510 4193 hanc
1540 4122 1715 4195 cartulam

323 4242 486 4344 scripsit,
498 4240 654 4365 jqbente
672 4238 853 4317 Landrico
871 4238 1015 4316 abbate.
1035 4272 1053 4309 n

369 4497 374 4522 ¹
392 4490 450 4549 Hic
465 4491 622 4549 vicecomes
635 4470 798 4563 Ebuidu's,
817 4509 882 4546 cum
897 4488 1158 4571 crucesignatorum
1174 4494 1301 4550 exercitu
1319 4494 1347 4550 in
1364 4493 1482 4555 Terram
1498 4498 1628 4555 Sanctam
1650 4516 1714 4573 pru-

323 4598 430 4671 sectus,
447 4594 612 4656 interfectus
625 4608 669 4655 est
681 4594 713 4654 iu
728 4592 905 4655 Antiocheno
920 4594 1087 4671 obsidione,
1105 4619 1132 4656 a.
1155 4618 1242 4683 ¹⁰97·
