4462 6120
280 713 347 783 tta
796 713 1144 791 MONASTERIIJM

700 1013 1069 1104 CAPITULUM
1104 1012 1240 1102 XIX.

752 1278 797 1338 De
812 1279 916 1338 vicaria
932 1277 1190 1341 Ermenteriarum.

77 1546 134 1589 ,uu
145 1561 165 1589 a.
181 1543 251 1591 roan.
329 1556 347 1597 u
364 1529 603 1629 Omnipotens
619 1531 732 1620 Deus,
754 1532 850 1605 iuter
868 1531 934 1604 alia
955 1533 1077 1605 salutis
1097 1533 1257 1621 monita,
1281 1545 1425 1605 ortatur
1442 1551 1510 1602 nos
1526 1523 1611 1599 dare
1629 1537 1671 1596 ut

278 1650 509 1750 accipiamus,
529 1653 663 1728 scilicet
680 1670 840 1743 terrena,
860 1673 900 1728 ut
916 1657 1131 1756 recipiamus
1145 1654 1323 1742 coelestia3
1343 1654 1568 1751 iterumque,
1586 1646 1672 1720 dare

278 1775 510 1848 elemosinam
529 1790 565 1848 ct
585 1779 706 1851 omnia
729 1777 835 1851 nobis
856 1806 929 1852 csse
948 1779 1096 1851 munda.
1119 1779 1254 1853 lccirco
1273 1778 1310 1849 in
1329 1775 1424 1849 illius
1440 1774 1589 1849 nomine
1606 1771 1671 1872 qui

279 1897 361 1968 talia
389 1914 536 1988 monet,
565 1924 632 1999 ego
658 1899 836 1974 Rodulfus
848 1956 859 1989 ,
891 1929 959 2001 pro
987 1902 1101 1975 salute
1125 1903 1255 1975 animae
1278 1927 1369 1974 meae
1397 1913 1435 1970 et
1460 1895 1672 1970 remissione

278 2036 511 2118 peccatorum
528 2048 694 2095 meorum
712 2037 749 2094 et
764 2024 927 2124 conjugis
946 2050 1049 2113 meaa,
1065 2042 1101 2097 et
1114 2023 1276 2098 liliorum
1287 2046 1470 2108 meorum,
1487 2013 1673 2091 Tendonis

279 2155 315 2212 et
327 2141 525 2242 lngenulfi,
541 2169 603 2216 seu
615 2158 807 2242 pareutum
822 2143 879 2217 vel
897 2172 1141 2222 successorum
1157 2171 1343 2233 meorum,
1364 2138 1524 2218 concedo
1539 2138 1673 2210 Sancto

280 2263 386 2336 Petro
409 2264 620 2337 Carnotensi
644 2281 680 2337 et
696 2264 881 2338 monachis
900 2266 1032 2339 ibidem
1052 2264 1291 2341 servientibus
1315 2263 1483 2337 vicariam
1506 2276 1543 2334 et
1570 2283 1674 2333 com·

279 2385 530 2458 mandaticiam
554 2412 661 2485 quam
686 2385 801 2460 habeo
829 2389 867 2457 in
893 2405 1027 2459 terram
1050 2390 1236 2489 ipsorum,
1262 2386 1399 2458 scilicet
1423 2384 1461 2455 in
1485 2379 1571 2453 villa
1591 2405 1674 2481 quae

279 2506 413 2577 dicitur
433 2508 691 2581 Ermenterias.
717 2509 765 2578 Et
787 2525 828 2580 ut
850 2509 915 2581 ista
938 2510 1121 2581 concessio
1144 2510 1418 2608 inperpetuum
1441 2517 1671 2603 permaneat,

281 2654 403 2701 coram
420 2627 570 2702 testibus
587 2627 650 2701 has
666 2630 803 2704 litteras
822 2629 1075 2718 corroboravi,
1097 2647 1133 2704 et
1152 2656 1246 2704 uxor
1265 2655 1342 2702 mea
1361 2653 1422 2701 seu
1440 2625 1504 2699 filii
1522 2649 1676 2724 praeno-

281 2751 421 2824 minati.
443 2750 549 2844 Quod
570 2752 598 2824 si
618 2753 766 2853 aliquis,
791 2750 933 2824 llamma
955 2751 1158 2850 cupiditatis
1179 2777 1367 2839 accensus,
1390 2746 1577 2850 praefatam
1597 2744 1675 2819 ele-

281 2875 459 2948 mosinam
475 2873 593 2946 delere
610 2874 856 2973 temptaverit,
876 2873 920 2947 de
937 2872 1032 2949 libro
1050 2875 1134 2948 vitae
1153 2874 1191 2947 in
1208 2888 1426 2975 perpetuum
1442 2870 1619 2945 deleatur.

333 3027 350 3064 u
367 2996 404 3067 S.
418 2993 577 3085 Rodulfi,
593 2997 655 3097 qui
672 2995 740 3071 boc
755 3012 976 3097 praeceptum
990 2998 1197 3096 fierijussit.
1215 2997 1252 3069 S.
1267 2995 1452 3071 'leudonis
1466 3009 1503 3065 et
1519 2991 1558 3069 S.
1574 2992 1676 3092 lnge·

282 3117 391 3227 nulfi,
410 3116 571 3191 filiorum
590 3121 678 3217 ejus.
700 3118 737 3190 S.
755 3117 923 3219 Ageverti
939 3118 1245 3219 archipresbiteri.
1262 3121 1299 3191 S.
1312 3114 1455 3190 Erardi.
1476 3115 1513 3189 S.
1528 3114 1672 3188 llervei.

283 3238 445 3329 Sffldae,
464 3241 588 3313 uxoris
605 3241 803 3339 Ragenoldi
821 3241 1040 3316 vicedomni.
1065 3243 1103 3314 S.
1123 3239 1344 3316 Huncboldi.
1360 3271 1378 3309 u

331 3362 496 3449 Miraris,
525 3362 661 3451 lector,
691 3363 789 3464 quod
810 3363 958 3436 alteram
983 3381 1119 3436 cartam
1134 3372 1157 3454 ¹,
1181 3362 1226 3437 de
1250 3362 1373 3436 cadem
1395 3361 1546 3449 vicaria,
1575 3375 1676 3432 retro

283 3500 397 3556 actam
415 3485 610 3575 inveneris,
626 3484 725 3588 quod
739 3484 1006 3585 impossibilitas
1026 3485 1118 3559 hanc
1135 3484 1290 3560 habendi
1305 3484 1406 3559 fecit.
1422 3483 1561 3559 Verum
1578 3481 1677 3555 illam

283 3606 449 3693 alteram,
468 3633 551 3707 quar
568 3609 672 3707 prior
689 3609 821 3707 scripta
841 3609 1039 3699 invenitur,
1060 3611 1152 3683 sicut
1168 3636 1187 3681 a
1204 3634 1291 3684 vcro
1311 3609 1466 3682 relatore
1477 3604 1586 3679 didici
1593 3604 1677 3737 blm

283 3726 389 3801 edidi.
416 3731 458 3800 ln
484 3727 553 3801 hoc
574 3755 662 3804 vero
686 3727 863 3832 discrepat
886 3728 989 3829 prior
1012 3730 1057 3803 ab
1087 3732 1172 3821 ista,
1197 3729 1296 3831 quod
1321 3732 1360 3804 in
1387 3756 1426 3804 ea
1448 3722 1678 3829 pervasorem

283 3851 423 3922 vicariae
441 3850 672 3924 Roscelinum
696 3854 879 3940 nominat3
905 3853 944 3924 in
963 3850 1027 3925 bae
1045 3870 1167 3927 autem
1183 3850 1379 3925 Radull'um
1397 3882 1406 3923 ε
1423 3848 1523 3951 quod
1540 3847 1676 3922 idcirco

285 3970 379 4044 forte
390 3969 537 4060 accidit,
553 3974 636 4074 quia
650 3971 835 4048 binomius
846 3972 936 4062 fuit,
956 3991 993 4047 et
1004 4001 1072 4047 usu
1086 3973 1232 4077 quidem
1246 3952 1450 4075 semperest
1464 3968 1676 4047 Roscelinus

285 4119 347 4166 ore
367 4095 464 4195 vulgi
483 4101 679 4183 vocitatus,
702 4111 738 4170 et
759 4097 797 4169 in
814 4094 981 4172 lavachro
998 4094 1222 4197 baptismatis
1239 4125 1257 4170 a
1275 4097 1428 4197 patrinis
1445 4091 1587 4167 Radulfi
1606 4118 1677 4168 no·

284 4240 370 4288 men
383 4235 436 4289 est
453 4219 676 4317 impositum.
696 4218 852 4307 Verum,
872 4245 1028 4319 quoquo
1046 4219 1155 4295 modo
1171 4220 1235 4309 sit,
1255 4218 1364 4306 banc,
1382 4217 1487 4290 sicuti
1506 4214 1677 4314 scriptam

286 4338 429 4427 inveni,
455 4339 503 4411 ita
526 4338 752 4413 subscribere
773 4339 894 4429 volui,
920 4366 966 4412 ne
990 4338 1130 4413 tedium
1149 4340 1206 4414 vel
1231 4338 1382 4442 pigricia
1403 4365 1481 4413 mea
1502 4334 1677 4409 fratribus

287 4460 557 4538 incommodum
574 4461 720 4562 aliquod
736 4460 886 4536 obiciat.

329 4717 337 4743 ¹
351 4707 425 4766 vide
439 4708 513 4766 banc
528 4707 646 4767 alteram
660 4706 805 4781 chartam,
821 4729 884 4787 cap.
901 4707 961 4781 Vl,
975 4729 1004 4787 p.
1025 4704 1094 4770 126.
