4462 6120
197 711 270 780 236
716 708 1063 785 MONASTERIUM

195 881 261 955 per
276 853 462 954 praefatam
479 853 621 946 villam3
643 853 724 946 sed,
747 856 840 928 sicut
863 872 966 955 pater
987 860 1061 957 ejus
1075 853 1275 930 Amalricus
1292 876 1357 952 per
1375 866 1494 926 totum
1511 855 1587 949 ejus

195 976 422 1049 territorium
440 978 510 1051 iter
526 976 682 1051 liberum
698 973 742 1048 de
763 975 872 1048 rebus
893 978 1007 1049 sancti
1033 978 1129 1050 Petri
1155 973 1351 1061 concessit,
1372 972 1476 1044 itaet
1494 997 1587 1071 prae-

194 1096 288 1168 latus
303 1097 518 1185 Mainerius,
539 1098 707 1197 episcopo
725 1095 939 1170 Gausfrido¹
957 1114 1152 1197 praesente,
1167 1111 1205 1170 et
1220 1096 1367 1169 Simone
1384 1093 1495 1166 fratre
1511 1094 1586 1190 ejus

195 1219 399 1320 comiteque
413 1220 501 1293 Belli
520 1221 655 1294 Montis
669 1222 799 1309 laone,
819 1222 1007 1294 concessit.
1024 1219 1140 1293 Simili
1156 1219 1267 1295 modo
1280 1241 1460 1290 assensum
1475 1214 1587 1314 patris

195 1355 233 1412 et
248 1339 370 1412 fratris
386 1341 551 1428 alacriter
566 1367 631 1441 per
644 1356 760 1415 totam
777 1356 911 1413 terram
928 1368 1001 1414 suae
1017 1341 1204 1440 potestatis
1222 1341 1260 1412 in
1278 1350 1587 1439 supramemorato

196 1475 312 1535 castro
335 1476 456 1534 ratum
478 1489 552 1536 esse
571 1461 730 1536 decrevit
750 1461 905 1536 domnus
930 1464 1076 1554 Simon,
1099 1463 1176 1536 filio
1199 1488 1264 1536 suo
1286 1461 1469 1535 Amalrico
1489 1483 1589 1558 prae-

196 1600 296 1657 sente
313 1598 349 1657 et
362 1610 542 1658 assensum
555 1582 765 1682 praebente,
783 1599 889 1684 atque
906 1588 1061 1684 Hugone
1078 1584 1123 1657 de
1140 1583 1293 1658 Puteolo
1310 1596 1440 1655 castro.
1456 1580 1493 1652 Si
1507 1579 1588 1681 quis

197 1732 283 1780 vero
296 1706 489 1779 assensioni
505 1708 689 1780 contraire
701 1706 893 1808 aliquando
907 1707 1085 1799 voluerit,
1102 1703 1263 1808 quandiu
1276 1705 1441 1805 pertinax
1455 1701 1585 1789 fuerit,

197 1828 581 1902 excommunicationis
602 1827 731 1902 baculo
754 1854 895 1927 semper
920 1828 1092 1920 feriatur,
1119 1843 1155 1901 et
1179 1827 1247 1899 nisi
1271 1825 1462 1926 resipuerit
1484 1839 1521 1896 et
1544 1821 1588 1894 ad

198 1949 449 2027 satisfactionis
461 1950 660 2025 remedium
676 1950 897 2052 confugerit,
913 1953 1070 2024 animam
1083 1954 1159 2049 ejus
1167 1950 1313 2040 vermis,
1325 1950 1389 2049 qui
1398 1971 1585 2047 cruraquam

198 2073 371 2164 moritur,
390 2075 427 2148 in
445 2073 606 2148 tenebris
628 2073 764 2147 inferni
784 2075 862 2148 sine
877 2073 951 2146 fine
966 2072 1143 2173 depascat.
1160 2102 1179 2142 a

651 2333 1015 2426 CAPITULUM
1050 2334 1135 2422 Xl.

353 2585 397 2643 De
412 2583 523 2643 decima
539 2582 662 2643 Ledonis
677 2581 784 2656 Curia,
799 2605 886 2663 quam
901 2582 1096 2643 reclamabant
1113 2579 1269 2642 Beccenses
1284 2580 1428 2640 monachi.

251 2851 271 2892 u
285 2824 328 2894 ln
345 2824 494 2896 nomine
513 2835 643 2892 sanctae
659 2836 695 2892 et
713 2819 909 2893 individuae
924 2822 1133 2912 Trinitatis,
1146 2823 1262 2894 Patris
1276 2837 1313 2894 et
1328 2819 1410 2892 Filii
1428 2834 1464 2893 et
1480 2820 1592 2920 Spiri-

203 2960 259 3014 tus
282 2942 417 3014 Sancti.
441 2942 580 3015 Notum
599 2940 860 3015 essevolumus
880 2940 1054 3016 omnibus
1073 2941 1277 3014 christianae
1294 2941 1499 3042 religionis,
1519 2957 1592 3011 tam

199 3063 437 3163 praeseutibus
453 3090 563 3162 quam
576 3062 732 3149 futuris,
753 3089 821 3138 nos
837 3062 1006 3140 monachi
1025 3065 1136 3137 sancti
1156 3065 1252 3136 Petri
1270 3062 1432 3137 coenobii
1450 3062 1593 3135 Carno-

154 3262 159 3274 „
200 3187 329 3275 tensis,
349 3184 571 3258 Guarnerius
588 3185 724 3259 scilicet
743 3213 784 3258 ac
798 3185 998 3261 loscelinus
1015 3185 1171 3260 Ledonis
1187 3187 1297 3260 Curte
1306 3240 1318 3275 ,
1336 3213 1418 3287 quae
1435 3201 1488 3259 est
1504 3183 1592 3257 cella

199 3307 341 3406 praelati
369 3305 536 3396 cenobii,
570 3306 639 3379 sub
668 3306 797 3382 abbate
827 3307 1023 3383 Eustachio
1053 3307 1272 3398 militantes,
1303 3306 1458 3410 qualiter
1486 3307 1529 3378 lis
1557 3324 1592 3379 et

201 3429 398 3517 calumnia,
416 3455 526 3530 quam
539 3427 645 3502 nobis
662 3428 867 3503 inserebant
884 3429 1053 3505 monachi
1067 3432 1278 3520 Beccenscs,
1292 3431 1404 3504 finem
1416 3431 1592 3530 acceperit

202 3553 240 3625 in
255 3577 393 3625 camera
405 3549 534 3624 domus
546 3552 674 3652 Pagani
684 3605 696 3642 ,
713 3553 778 3625 filii
793 3554 957 3653 Hugonis
970 3554 1168 3627 Franoouis
1175 3608 1187 3643 ,
1203 3551 1297 3654 apud
1312 3567 1470 3625 castrum
1480 3550 1592 3624 Calidi

201 3673 350 3748 Montis.
369 3671 424 3743 lbi
438 3671 587 3772 quidem
604 3672 726 3747 aderat
736 3673 944 3762 Anselmus,
964 3673 1074 3747 abbas
1089 3672 1232 3748 cenobii
1251 3675 1355 3746 Becci
1364 3727 1376 3764 ,
1396 3690 1533 3747 etcum
1550 3699 1593 3746 eo

202 3821 244 3867 ex
258 3797 334 3892 ejus
347 3791 533 3866 monachis
545 3792 785 3886 Gislebertus,
805 3811 907 3870 ortus
920 3794 965 3869 de
980 3822 1111 3897 genere
1125 3796 1377 3894 Crispinorum
1385 3848 1396 3885 ,
1416 3809 1453 3868 et
1468 3796 1595 3869 Eusta-

203 3914 322 4005 chius,
341 3915 569 4016 praenomine
581 3915 760 4016 Paganus3
778 3918 928 3991 aderant
942 3934 979 3992 et
994 3920 1161 3992 meliores
1178 3944 1221 3992 ex
1236 3918 1299 3994 illo
1313 3933 1449 4007 castro,
1466 3934 1595 3992 tenen-

204 4053 256 4110 tes
277 4036 452 4135 placitum
470 4035 516 4110 de
531 4037 733 4138 presbitero
751 4039 907 4112 ecclesiae
927 4057 1059 4112 sanctoe
1081 4039 1223 4130 Mariae,
1246 4065 1328 4140 quae
1351 4041 1416 4112 sita
1432 4055 1485 4113 est
1501 4039 1596 4112 inle-

203 4161 279 4230 rius
293 4184 368 4232 non
384 4158 491 4258 longe
504 4186 523 4230 a
538 4159 693 4232 ledonis
706 4161 819 4235 Curte
825 4190 837 4252 3
855 4176 892 4235 et
904 4159 1075 4236 volebant
1091 4176 1154 4233 aut
1166 4186 1319 4236 uxorem
1331 4164 1406 4261 ejus
1424 4161 1475 4234 illi
1489 4187 1596 4235 excu-

206 4296 281 4356 tere
297 4296 359 4352 aut
380 4281 575 4354 aecclcsiam
592 4309 675 4382 quae
692 4282 840 4357 illorum
856 4300 945 4358 erat.
968 4286 1010 4356 ln
1027 4283 1148 4358 medio
1163 4307 1309 4385 quoque
1323 4282 1458 4384 placito
1475 4281 1520 4354 ab
1537 4309 1595 4354 ar-

206 4402 434 4505 chiepiscopo
444 4403 846 4504 Rotomagensi⁸missae
859 4422 946 4480 suut
956 4404 1061 4481 nobis
1074 4404 1394 4505 quaedamlitterae,
1405 4422 1594 4480 exorantes

252 4679 259 4708 ¹
279 4671 465 4747 Gausfridus,
478 4675 537 4735 sive
551 4673 723 4737 Godefiidus
738 4676 772 4751 l,
788 4675 969 4737 Carnotensis
983 4681 1152 4760 episcopus,
1167 4678 1293 4737 simonia
1305 4676 1472 4751 damnatus,
1487 4678 1598 4757 episto

208 4792 278 4859 patu
291 4778 419 4859 dejectus
435 4792 477 4840 est
491 4802 516 4839 a.
536 4801 622 4864 ¹⁰9¹·

250 4883 449 4946 'Guillelmua
464 4885 478 4945 1
493 4885 619 4948 ecclesiae
634 4885 836 4970 Rotomageusi
850 4887 963 4968 praebuit
977 4889 1014 4949 ab
1023 4898 1056 4948 ἰ.
1074 4885 1153 4972 1078
1167 4885 1310 4968 usquead
1325 4908 1352 4945 a.
1370 4907 1458 4946 raro.
