4462 6120
663 720 700 790 S.
719 718 862 792 PETRI
887 714 1224 791 CARNOTENSIS.
1592 718 1646 793 U

247 862 328 934 dem
345 860 575 939 molendinos
596 863 772 937 fratribus
794 881 833 939 et
856 861 1044 938 monacbis
1066 864 1185 937 Sancti
1209 864 1307 937 Petri
1329 863 1576 966 derelinquat,
1598 880 1643 939 ut

248 1008 316 1083 pro
344 1011 406 1058 sua
438 986 555 1057 anima
584 1005 620 1061 et
650 989 775 1061 matris
803 1012 878 1060 suoe
906 985 1160 1059 Ermentrndis
1182 989 1299 1060 Deum
1325 986 1462 1089 jugiter
1486 1005 1641 1063 exorent

247 1120 284 1178 et
304 1109 437 1182 seniori
456 1109 613 1207 ejusdem
626 1109 799 1198 abbatiae,
819 1111 914 1182 sicut
932 1108 1195 1210 supradictum
1213 1125 1285 1199 est,
1308 1109 1441 1185 solidos
1459 1134 1484 1184 x
1503 1110 1641 1210 persol-

246 1245 346 1303 vant.
363 1233 543 1325 Quatinus
563 1248 685 1306 autem
698 1231 775 1306 haec
787 1249 884 1306 carta
902 1232 1046 1307 firmior
1057 1233 1125 1318 sit,
1143 1257 1254 1305 manu
1266 1234 1415 1331 propria
1429 1258 1507 1307 eam
1524 1231 1643 1317 firm

246 1353 363 1426 vimus
378 1369 416 1426 et
433 1353 599 1427 fidelibus
624 1356 758 1429 nostris
785 1354 1028 1430 roborandam
1057 1353 1272 1428 obtulimus.
1301 1355 1452 1456 Signum
1482 1353 1640 1447 omnis,

246 1476 526 1551 Carnutensium
549 1479 724 1576 praesulis.
745 1479 782 1550 S.
803 1477 988 1578 Suggerii,
1007 1475 1146 1550 decani.
1173 1478 1210 1549 S.
1234 1476 1408 1565 Errardi,
1431 1476 1639 1576 presbiteri.

246 1596 283 1669 S.
299 1599 444 1699 Rogerii
455 1654 466 1689 ,
488 1599 621 1673 levitae.
641 1602 679 1673 S.
699 1598 864 1673 Ardmdi.
886 1602 924 1672 S.
942 1599 1111 1672 Teduini.
1131 1598 1265 1671 Actum
1287 1600 1463 1685 Garnote,
1481 1598 1638 1699 publice.

246 1722 337 1794 Data
355 1748 378 1796 v
397 1720 562 1797 kalendas
573 1722 655 1822 julii
664 1776 676 1813 ,
695 1748 793 1798 anno
810 1747 888 1797 xvu
905 1723 1008 1822 regni
1026 1720 1217 1795 CLothorii
1235 1723 1343 1823 regis.
1365 1752 1383 1789 »

722 2029 1075 2121 canrnnnu
1107 2031 1164 2117 v.

246 2256 289 2314 De
305 2268 378 2314 terra
394 2256 497 2314 vineali
512 2276 599 2335 quam
615 2254 695 2314 dedit
709 2255 774 2314 Odo
788 2254 889 2336 praesul
904 2254 986 2331 juxta
1000 2250 1142 2335 brogilum
1160 2251 1351 2332 episcopalem
1366 2265 1395 2310 ct
1410 2252 1446 2312 de
1461 2242 1642 2313 Placentiam

863 2403 867 2411 .
881 2359 1001 2418 vittate.

295 2589 319 2636 *
335 2586 588 2661 «Venerabilis
600 2605 637 2662 et
651 2588 728 2661 Deo
742 2585 904 2660 amabilis
917 2585 1009 2674 0d0,
1029 2584 1196 2686 pontifex
1209 2585 1379 2659 eecclesiae
1393 2587 1639 2676 Garuotensis,
1667 2621 1754 2671 tei..
1771 2619 1825 2667 aaa,

244 2708 332 2781 dum
345 2711 385 2782 in
396 2728 581 2785 conventu
593 2711 776 2787 nobilium
789 2710 1008 2783 clericorum
1020 2726 1057 2783 et
1072 2709 1248 2785 laicorum
1266 2708 1497 2796 consedisset,
1511 2711 1639 2810 coepit,

244 2831 414 2930 prudenti
432 2835 573 2907 ratione
594 2851 631 2907 et
650 2834 823 2906 canonica
842 2834 1076 2920 auctoritate,
1097 2848 1250 2906 tractare
1266 2831 1311 2905 de
1329 2848 1425 2905 statu
1440 2833 1641 2907 commissa

244 2955 312 3027 sibi
326 2970 458 3027 sanctae
471 2956 655 3043 aecclesiae,
670 2974 707 3029 et
724 2956 913 3028 ministros
923 2955 1058 3056 quibus
1076 2955 1317 3028 aecclesiarum
1334 2955 1607 3031 commistarum
1622 2981 1641 3026 a

244 3102 378 3150 secura
394 3077 571 3151 transfusa
585 3077 730 3153 fuerant
738 3132 749 3164 ,
765 3079 878 3177 sagaci
897 3076 1150 3152 adhortatione
1166 3102 1330 3166 monere,
1342 3093 1384 3149 ut
1401 3079 1440 3149 in
1456 3076 1524 3150 sibi
1542 3104 1642 3151 cum-

244 3201 359 3272 missis
384 3201 572 3291 aecclesiis,
591 3199 875 3300 diligentissimis
898 3200 1131 3299 invigilarent
1156 3197 1317 3290 excubiis
1339 3216 1376 3272 et
1396 3216 1529 3272 sanctae
1552 3199 1643 3272 reli-

244 3324 363 3423 gionis
387 3323 526 3396 cultum
555 3322 868 3425 inreprehensibili
893 3321 1086 3397 functione
1114 3320 1393 3421 exequei'b'utur.
1418 3323 1584 3421 Cumque
1606 3338 1642 3394 et

243 3445 309 3517 alia
322 3446 436 3519 multa
451 3446 598 3546 profluo
612 3447 916 3521 sermocinaretur
926 3445 1096 3551 eloquio,
1107 3441 1254 3517 tandem
1269 3460 1420 3517 ventum
1434 3459 1487 3516 est
1505 3442 1549 3515 ad
1564 3468 1643 3516 coe-

243 3568 398 3643 nobium
413 3571 533 3642 Sancti
554 3572 665 3660 Petri,
680 3572 791 3644 situm
811 3572 850 3641 iu
866 3568 1044 3643 suburbio
1056 3569 1268 3643 Carnutinae
1283 3567 1402 3655 urbis,
1420 3571 1495 3667 jam
1513 3567 1603 3641 olim
1622 3594 1641 3638 a

243 3691 438 3765 monastica
453 3693 697 3780 institutione,
710 3691 927 3794 quibusdam
940 3717 984 3765 ex
997 3693 1125 3781 causis,
1135 3689 1371 3790 depravatum
1387 3706 1425 3763 et
1441 3689 1640 3763 canonicali

242 3814 313 3886 sub
320 3816 497 3914 regimine
505 3815 704 3904 redactum,
715 3832 768 3890 set
775 3817 984 3916 nuperrime
992 3816 1038 3889 ab
1047 3815 1334 3899 antecessoribus
1345 3815 1416 3888 suis
1425 3812 1642 3914 praesulibus

244 3936 443 4035 pristinum
451 3939 661 4011 monasticae
674 3938 861 4039 religionis
874 3937 1116 4014 reformatum
1127 3964 1203 4013 esse
1213 3938 1378 4039 gradum.
1393 3937 1464 4033 Qui
1478 3935 1642 4010 eteidem

243 4059 773 4159 loco,prouttempusdictavit
783 4059 1307 4161 etutpossibilitasseobtulit,
1322 4062 1360 4132 in
1370 4056 1557 4158 stipendiis
1568 4084 1643 4132 mo·
1737 4138 1748 4159 .‚

244 4179 444 4255 nachorum
458 4181 554 4254 unde
567 4180 683 4255 adhuc
697 4200 960 4271 sustentantur,
975 4185 1013 4256 in
1025 4184 1219 4257 elemosina
1228 4182 1446 4259 obtulerunt
1453 4210 1464 4267 ;
1479 4168 1642 4282 essetque

244 4328 372 4375 eorum
393 4301 606 4379 deliberatio
625 4302 819 4404 inpendere
839 4307 1020 4406 pluriora,
1045 4307 1114 4379 nisi
1139 4305 1313 4378 subtracti
1338 4303 1491 4377 fuissent
1512 4302 1641 4377 funere

242 4426 373 4499 mortis
385 4425 531 4499 invidae.
543 4427 706 4528 Cumque
719 4425 797 4503 lraec
811 4445 847 4502 et
858 4429 1033 4503 nonnulla
1049 4428 1115 4500 alia
1126 4455 1209 4528 erga
1220 4425 1376 4517 eundem
1386 4426 1510 4501 locum
1528 4425 1643 4498 berre-

244 4548 324 4621 ficia
336 4549 383 4622 ab
392 4549 820 4625 eisdemantecessoribus
831 4551 1004 4639 exhibita,
1019 4552 1165 4625 auribus
1176 4551 1289 4624 sancti
1301 4551 1473 4625 antistitis
1483 4547 1644 4648 promul·
1696 4534 1699 4540 ’

243 4687 323 4769 gata
336 4689 466 4760 essent,
486 4672 560 4765 ille,
575 4699 705 4748 eurum
718 4673 891 4773 exemplis
908 4675 1196 4777 incitatus,.quin
1215 4675 1337 4776 potius
1353 4672 1486 4746 divinae
1499 4670 1642 4771 pietatis

244 4795 357 4892 gratia
382 4810 515 4883 tactus,
537 4795 726 4896 respondit
743 4797 994 4887 narrantibus,
1013 4823 1091 4872 non
1106 4797 1242 4871 minori
1265 4796 1395 4869 affectu
1408 4798 1484 4894 jam
1501 4792 1641 4895 pridem

207 4960 227 4989 a
245 4915 338 4988 circa
357 4916 511 4994 eundem
525 4919 740 4996 coenobium
755 4944 792 4995 se
804 4921 921 4996 teneri
937 4917 1135 5008 desiderio,
1159 4944 1268 5020 seque
1286 4918 1405 5018 aliqua
1422 4942 1466 4991 ex
1481 4929 1584 5017 parte
1599 4913 1643 4989 ad
1763 4907 1766 4919 ’
