4462 6120
970 743 1317 821 MONASTEIIIUM

836 1030 1197 1122 CAPITULUM
1232 1028 1450 1120 LXVIII.

888 1281 934 1341 De
944 1282 991 1339 via
1006 1278 1071 1340 deta
1084 1280 1121 1339 ab
1136 1278 1237 1339 eadem
1253 1272 1396 1339 M'shilde.

238 1517 328 1564 annes.
343 1519 414 1567 roro.
493 1541 512 1578 κ
527 1511 568 1582 In
592 1509 742 1584 nomine
768 1507 880 1580 Patris
904 1523 941 1579 et
965 1504 1049 1579 Filii
1072 1521 1110 1579 et
1135 1504 1294 1605 Spiritus
1320 1506 1457 1578 Sancti.
1487 1505 1629 1580 Notum
1653 1530 1728 1581 esse
1753 1507 1838 1581 volo

441 1630 612 1704 omnibus
625 1629 836 1704 sanctae'Dei
852 1627 1021 1702 eecclesiae
1035 1624 1201 1701 fidelibus
1210 1681 1222 1716 ,
1239 1642 1313 1700 tam
1325 1626 1554 1727 presentibus
1564 1650 1675 1727 quam
1687 1625 1835 1714 futuris,

439 1753 539 1853 quod
556 1780 624 1854 ego
634 1808 644 1842 ,
664 1750 829 1824 Mabildis
846 1751 1016 1839 nomine,
1035 1776 1138 1851 quae,
1157 1748 1374 1824 hereditario
1385 1753 1487 1848 jure,
1508 1747 1658 1823 honoris
1675 1747 1834 1849 Alogiae,

438 1874 563 1947 divino
581 1890 695 1962 nutu,
716 1873 853 1948 domna
872 1898 946 1946 esse
964 1872 1109 1962 videon
1129 1898 1199 1972 pro
1215 1873 1280 1947 Dei
1298 1897 1439 1961 amore,
1458 1872 1503 1945 de
1522 1896 1598 1972 quo
1614 1871 1735 1946 omnia
1752 1897 1836 1970 quae

438 1997 481 2067 ad
503 2024 608 2069 usum
629 1994 901 2069 vitaehumanae
923 1995 1111 2094 pertinent
1130 1992 1245 2069 habeo
1266 2011 1301 2067 et
1322 1996 1379 2068 cui
1399 1995 1520 2068 omnia
1538 1991 1672 2082 debeo,
1690 2018 1751 2066 seu
1767 2019 1836 2092 pro

438 2117 578 2192 honore
591 2117 686 2192 beati
704 2119 815 2206 Petri,
832 2116 1083 2214 apostolorum
1095 2116 1285 2216 principis,
1302 2117 1374 2206 cui,
1392 2117 1488 2190 inter
1502 2116 1568 2189 alia
1580 2115 1690 2206 dona,
1705 2113 1834 2187 aeccle-

438 2241 525 2310 siam
545 2240 657 2310 sancti
679 2236 852 2310 Germani
873 2236 910 2306 in
934 2235 1007 2333 ipsa
1031 2234 1171 2335 Atogiae
1190 2263 1270 2310 area
1292 2237 1542 2326 concedimus3
1566 2263 1666 2311 nunc
1687 2234 1834 2336 quidem

436 2358 616 2459 publicam
638 2361 754 2443 viam,
777 2382 859 2457 quae
883 2371 1029 2429 actenus
1045 2359 1147 2454 juxta
1170 2359 1343 2455 parietem
1368 2360 1480 2461 ipsius
1499 2359 1573 2432 risa
1595 2374 1647 2432 est
1670 2358 1742 2445 ire,
1765 2384 1834 2457 pro

436 2481 596 2555 remedio
606 2480 738 2552 animae
750 2503 840 2551 meae
852 2476 909 2550 vel
923 2491 1115 2574 parentum
1130 2502 1317 2567 meorum,
1332 2477 1378 2552 ab
1395 2481 1473 2578 ipso
1490 2479 1574 2555 Ioco
1590 2505 1753 2566 amoveo,
1770 2495 1831 2568 ut,

436 2599 481 2672 ab
503 2600 568 2673 bec
587 2601 645 2674 die
663 2600 701 2672 in
719 2610 842 2687 antea,
864 2597 954 2672 foris
972 2611 1029 2671 eat
1051 2597 1174 2671 eadem
1194 2597 1250 2670 via
1271 2599 1400 2698 procul
1422 2598 1467 2672 ab
1489 2602 1667 2691 aecclesia,
1689 2619 1731 2674 ut
1752 2627 1834 2673 mo-

436 2721 541 2796 nachi
565 2720 655 2796 inibi
679 2735 946 2795 commorantes
967 2746 987 2791 a
1010 2717 1296 2793 commeantibus
1320 2735 1427 2821 atque
1451 2721 1675 2796 exactoribus
1700 2721 1830 2794 tributi

436 2842 763 2930 consuetudinarii,
789 2842 867 2914 sine
890 2840 1141 2941 inquietudine
1162 2841 1301 2943 aliqua,
1328 2843 1402 2916 sint
1422 2843 1569 2919 remoti.
1589 2844 1691 2916 Hane
1712 2860 1834 2943 autem

435 2965 608 3036 cartulam
624 2964 702 3038 fieri
716 2964 829 3064 jussi,
847 2989 888 3036 ao
900 2961 1040 3036 donum
1056 2963 1126 3036 viae
1142 2962 1305 3061 praefatae
1321 2991 1477 3064 peream
1493 2992 1601 3066 super
1616 2965 1727 3039 altare
1741 2992 1833 3065 apo-

435 3089 614 3162 stolorum
630 3088 728 3162 Petri
746 3104 783 3163 et
802 3086 904 3161 Pauli
925 3088 1051 3187 posui,
1074 3087 1191 3160 crucis
1212 3088 1357 3189 signum
1375 3116 1451 3164 mea
1471 3117 1582 3164 manu
1600 3091 1830 3193 imprimens;

435 3211 527 3307 idem
553 3209 630 3285 fieri
650 3209 782 3310 jubens
805 3210 867 3305 his,
881 3210 944 3310 qui
968 3235 1112 3283 mecum
1133 3209 1282 3305 aderant
1302 3228 1497 3313 praesentes
1517 3245 1524 3284 :
1542 3212 1714 3288 VVarino
1735 3240 1834 3313 prae-

434 3334 576 3428 posito,
594 3333 767 3422 Eirard0,
787 3330 973 3406 Bernardo
990 3331 1035 3406 de
1050 3331 1283 3423 Barzilleriis,
1304 3332 1429 3407 David.
1448 3367 1466 3404 n

847 3593 1208 3686 CAPITULUM
1242 3597 1417 3689 LXIX.

815 3841 857 3899 De
881 3843 985 3903 vicaria
1007 3858 1104 3926 empta
1126 3845 1161 3905 de
1186 3845 1307 3905 Mitanis
1328 3845 1446 3906 leare.

484 4098 501 4134 a
524 4064 728 4160 Quoniam,
752 4071 855 4167 juxta
879 4070 1041 4144 veritatis
1064 4073 1301 4162 sententiam,
1326 4074 1518 4175 iniquitate
1542 4071 1772 4147 habundante
1793 4089 1846 4149 et.

432 4189 635 4267 multorum
656 4175 803 4264 caritate
822 4191 1099 4292 refrigescente,
1123 4221 1180 4270 res
1199 4221 1283 4296 quae
1300 4223 1320 4268 a
1338 4188 1466 4295 priscis
1487 4168 1653 4269 fidelibus
1673 4195 1832 4270 ecclesiis

431 4309 571 4383 collatae
594 4311 747 4384 suntab
772 4312 1197 4411 infidelibtnlinsaciabili
1222 4318 1417 4418 cupiditate
1435 4300 1657 4392 invaduntur
1678 4332 1715 4392 et
1734 4317 1828 4389 diri-

428 4432 596 4529 piuntur,
612 4447 669 4524 et,
687 4435 883 4510 seeundum
903 4437 1104 4538 propbetiae
1126 4439 1359 4530 vaticinium,
1382 4467 1466 4525 raro
1490 4440 1675 4513 invenitur
1698 4426 1763 4541 qui
1782 4430 1827 4512 ex

429 4551 578 4627 adverso
604 4556 797 4630 ascendens
826 4558 990 4659 obponat
1018 4588 1164 4634 murum
1195 4588 1265 4662 pro
1291 4555 1403 4638 domo
1431 4562 1560 4649 Israel,
1589 4554 1745 4661 perutile
1774 4577 1827 4635 est

429 4675 659 4749 ecclesiarum
684 4679 905 4770 cultoribus,
929 4682 973 4755 ad
996 4682 1258 4757 confutandam
1275 4685 1756 4784 calunniampervasorum,
1783 4683 1827 4757 de

429 4794 535 4868 rebus
555 4797 686 4872 eisdem
707 4800 862 4876 eeclesiis
884 4804 1025 4877 traditis
1045 4806 1302 4909 cirographum
1321 4807 1477 4881 condere
1495 4786 1532 4880 dt
1551 4804 1826 4901 serrare.*Qna-

428 4934 579 5018 propter
597 4947 663 4994 nos
681 4923 860 4999 cenobitae
876 4924 1087 5001 beati'Petri
1104 4927 1335 5004 carnotensis
1354 4927 1556 5002 studuimus
1574 4927 1705 5002 litteris
1719 4918 1824 4999 mau-
