4462 6120
644 724 681 796 S.
700 724 842 797 PETRl
869 721 1205 796 CARNOTENSIS.
1552 725 1616 794 121

227 870 375 944 domum
393 897 491 943 suam
508 869 629 946 rediit.
645 869 764 943 Abbas
778 897 884 972 ergo,
901 869 959 943 die
972 886 1119 958 octavo,
1139 896 1222 942 eum
1238 869 1422 969 praedictis
1438 869 1623 946 monachis

227 1020 246 1065 a
260 995 479 1068 monasterio
491 1021 663 1095 egressus,
678 992 724 1066 ab
737 995 838 1068 omni
852 992 959 1092 plebe
969 1020 1053 1065 enm
1065 991 1209 1067 lletibus
1217 995 1463 1095 prosequitur,
1477 1010 1526 1082 et,
1547 1019 1622 1066 non

227 1141 340 1215 parvo
349 1117 514 1216 equitatu
524 1114 650 1205 fretus,
666 1117 703 1187 in
715 1113 899 1188 Gesiaeam
912 1113 1037 1188 eellam
1045 1141 1082 1188 se
1092 1116 1241 1214 reecpit3
1258 1114 1383 1215 ibique
1393 1141 1623 1189 commorans

227 1262 294 1335 per
308 1253 380 1310 tres
398 1264 557 1326 menses,
576 1263 642 1336 per
658 1234 823 1309 Odonem
840 1236 1030 1324 comitem,
1050 1235 1283 1335 postmodum
1300 1234 1442 1310 rediens
1462 1238 1499 1308 in
1517 1234 1624 1309 abba-

228 1359 317 1430 tiam
331 1385 441 1445 suam,
460 1384 543 1432 enm
557 1356 697 1431 honore
710 1355 834 1432 debito
849 1372 902 1431 est
917 1371 1097 1456 receptus;
1117 1358 1154 1430 in
1169 1384 1239 1457 qua
1255 1356 1331 1431 fere
1347 1384 1412 1456 per
1424 1358 1624 1432 triennium

228 1496 351 1579 postea
364 1479 519 1555 feliciter
529 1481 672 1570 vivens,
688 1507 794 1555 senex
809 1495 844 1554 et
861 1481 990 1580 plenus
1007 1482 1148 1554 dierum
1157 1534 1168 1570 ,
1184 1480 1350 1555 laborum
1365 1507 1515 1554 suorum
1526 1507 1624 1555 mer-

230 1601 352 1676 cedem
370 1595 389 1675 a
406 1601 552 1676 Christo
571 1602 722 1676 domino
741 1603 903 1702 recipere
922 1603 1056 1675 meruit
1081 1601 1157 1676 sine
1179 1602 1252 1675 fine
1273 1629 1491 1676 mansuram.
1513 1603 1625 1675 Cum·

228 1750 300 1824 que
324 1722 478 1798 humum
500 1725 669 1799 foderent
693 1727 787 1799 intra
812 1724 995 1798 basilicam
1019 1723 1114 1800 beati
1140 1726 1234 1799 Petri
1264 1728 1437 1824 apostoli,
1461 1725 1626 1799 videlicet

230 1860 314 1919 ante
329 1847 440 1921 altare
454 1848 620 1945 martyris
637 1847 842 1937 Laurentii,
860 1847 903 1920 ad
917 1848 1032 1921 levam
1050 1846 1197 1948 quidem
1211 1846 1387 1921 Rodberti
1405 1847 1468 1920 filii
1484 1848 1626 1920 comitis

230 1967 420 2058 Richardi,
440 1969 585 2042 nullum
602 1967 773 2042 habentes
790 1967 1096 2069 sarchophagum,
1119 1969 1288 2041 inventus
1308 1985 1364 2043 est
1383 1968 1432 2041 ibi
1452 1995 1565 2058 unus,
1586 1984 1627 2040 ut

230 2091 377 2188 opinor,
391 2094 497 2164 aDeo
507 2105 662 2190 paratus,
678 2091 781 2164 mirae
797 2089 1091 2190 pulchritudinis,
1106 2091 1182 2161 acsi
1197 2116 1240 2164 eo
1250 2089 1335 2164 diea
1348 2090 1491 2166 latomis
1504 2089 1627 2164 suisset

231 2213 366 2310 politus
382 2227 489 2314 utrque
503 2211 597 2286 beati
612 2214 681 2285 viri
697 2212 812 2313 glebae
825 2228 979 2313 aptatus.
996 2211 1052 2285 lbi
1067 2211 1217 2286 menbra
1237 2214 1331 2285 illius
1347 2215 1460 2313 posita
1475 2215 1628 2314 requies·

232 2350 322 2406 eunt
337 2359 459 2407 secura
478 2334 522 2408 de
538 2336 811 2409 resurrectionis
831 2335 960 2435 gloria.
982 2336 1108 2408 Tereia
1127 2360 1212 2409 vero
1228 2334 1286 2408 die
1301 2350 1493 2436 postquam
1514 2334 1625 2423 obiit,
1723 2418 1730 2434 .

232 2456 270 2528 in
285 2457 424 2530 visione
439 2455 577 2530 domno
592 2456 759 2532 Ebrardo
776 2456 924 2547 abbate,
939 2461 1016 2562 jam
1033 2459 1072 2531 in
1085 2456 1226 2530 abbatia
1244 2484 1305 2530 sna
1322 2482 1503 2558 regresso,
1521 2485 1628 2558 appa·

232 2579 325 2667 ruit,
343 2577 465 2654 dicens
480 2578 622 2653 adeum
638 2608 646 2649 ε
668 2612 686 2650 u
703 2581 830 2654 Frater
841 2581 1083 2671 dilectissime,
1099 2580 1144 2653 ab
1161 2579 1407 2681 hujusmundi
1422 2579 1629 2654 turbinibus

235 2732 252 2770 u
269 2728 329 2776 me
344 2719 488 2775 erutum
501 2703 606 2791 scias,
623 2728 793 2803 nuncque
808 2702 903 2775 felici
916 2703 1042 2802 requie
1057 2702 1215 2802 persrui;
1229 2718 1282 2776 set
1294 2701 1359 2778 bos
1371 2703 1504 2803 quibus
1520 2702 1573 2777 fui
1592 2706 1629 2776 in

236 2853 254 2891 u
270 2823 395 2897 odium
407 2851 481 2898 lion
495 2824 558 2897 diu
569 2851 641 2898 esse
655 2826 852 2924 gavisuros.
867 2853 885 2893 n
898 2823 1005 2918 Quod
1015 2839 1049 2898 et
1060 2824 1197 2897 factum
1207 2840 1259 2898 est
1274 2855 1282 2897 :
1296 2853 1381 2898 nam
1392 2826 1539 2898 illorum
1549 2853 1631 2926 pars

235 2946 273 3017 in
298 2946 424 3018 eodem
440 2971 538 3019 anno
560 2944 605 3017 ab
624 2945 688 3017 hae
712 2947 786 3017 vita
804 2945 969 3035 decessit,
986 2962 1023 3019 et
1045 2973 1136 3047 quos
1154 2947 1311 3021 mundus
1333 2949 1434 3021 vivos
1451 2947 1629 3039 detinuit,

234 3082 443 3168 temporum
464 3066 673 3143 vicissitudo
695 3066 904 3169 perturbata
927 3068 1163 3143 inclementer
1187 3097 1227 3142 ae
1252 3069 1395 3145 duriter
1413 3098 1555 3171 semper
1572 3098 1632 3146 eos

234 3193 415 3266 tractavit.

284 3313 628 3403 Verumenimvem,
652 3313 828 3415 quoniam
848 3313 893 3387 de
910 3311 1007 3387 beati
1025 3314 1098 3386 vita
1118 3315 1187 3387 viri
1209 3341 1339 3416 parum
1353 3313 1545 3406 elucidavi,
1556 3319 1632 3416 jam

236 3436 338 3510 stilus
356 3436 549 3511 vertendus
567 3436 680 3510 estad
702 3452 815 3508 cartas
838 3463 920 3537 quae
942 3436 1046 3512 factae
1066 3453 1152 3510 sunt
1175 3436 1242 3510 sub
1263 3436 1393 3512 abbate
1412 3437 1630 3527 Landrico¹,

235 3585 437 3632 successore
457 3560 593 3632 scilieet
608 3559 751 3659 praelati
769 3559 908 3632 abbatis
925 3558 1084 3634 Arnulfi.
1106 3562 1176 3655 Qui
1193 3577 1371 3664 quantum
1391 3564 1634 3663 invigilaverit

235 3697 277 3753 ut
293 3682 393 3754 loeus
414 3681 481 3753 sibi
504 3682 714 3754 commissus
731 3710 795 3781 per
814 3683 980 3756 locorum
996 3702 1185 3768 aucmenta
1203 3711 1270 3758 suo
1294 3688 1331 3759 in
1354 3701 1518 3785 tempore
1540 3712 1633 3761 eres·

236 3820 352 3896 ceret,
372 3803 563 3904 multiplex
581 3820 762 3877 cartarum
779 3832 951 3880 numerus
969 3809 1154 3898 ostendet,
1175 3810 1244 3882 nisi
1261 3808 1382 3908 obstet
1398 3824 1535 3882 mutata
1547 3824 1635 3885 tem·

236 3927 335 4026 poris
349 3926 571 4016 vicissitudo,
590 3954 673 4028 quae
687 3928 827 4028 ingrata
845 3943 882 4001 et
898 3927 1066 4003 abbatem
1079 3958 1098 4002 a
1113 3932 1194 4006 loco
1208 3930 1362 4032 pepulit,
1378 3948 1415 4006 et
1428 3957 1496 4006 nos
1508 3958 1635 4007 omnes

235 4047 462 4147 perturbavit
469 4079 480 4138 ς
500 4065 537 4123 et
553 4049 740 4150 quosdam,
761 4050 868 4124 certis
886 4077 929 4124 ex
947 4053 1059 4126 causis
1074 4056 1218 4153 ejectos,
1238 4055 1499 4128 monasterium
1516 4054 1635 4129 intro-

235 4171 379 4261 nizans,
404 4171 509 4246 nobis
535 4173 647 4245 invisa
672 4173 978 4274 superexaltavit.
1004 4174 1066 4247 Set
1086 4176 1170 4275 qnia
1187 4176 1428 4276 equanimiter
1450 4177 1634 4252 toleranda

236 4309 307 4382 est,
326 4293 410 4366 licet
425 4294 566 4367 lemtim
579 4310 615 4368 et
629 4310 795 4369 tortuoso
812 4295 960 4387 itinere,
976 4312 1104 4397 utpote
1118 4298 1227 4397 longe
1242 4299 1381 4397 positus
1399 4315 1436 4372 et
1452 4299 1497 4373 ab
1516 4300 1634 4375 idiotis

236 4440 293 4489 eas
310 4416 515 4490 inordinate
533 4417 729 4517 recipiens,
748 4443 817 4518 pro
834 4445 937 4518 posse
953 4445 1036 4493 meo
1054 4420 1211 4495 seribere
1228 4420 1377 4495 curabo.

283 4629 398 4688 ¹Hune
412 4630 509 4688 locum
521 4630 655 4689 librarius
670 4631 701 4690 in
714 4631 779 4690 cod.
795 4629 818 4689 B
835 4630 919 4691 adul·
954 4634 1098 4694 Landrieo
1127 4638 1157 4695 in
1190 4634 1292 4695 abbate
1323 4635 1472 4707 Huberto;
1499 4656 1533 4694 ae
1559 4637 1634 4695 inter

238 4725 341 4784 taravit
355 4724 565 4806 adscripsitque
583 4726 620 4785 ad
637 4726 743 4786 calcem
757 4727 823 4787 libri
839 4728 917 4787 Lan·
952 4733 1011 4790 nin
1034 4746 1062 4793 et
1087 4732 1176 4794 obstet
1199 4733 1311 4795 addidit
1339 4733 1393 4793 'sub
1414 4732 1544 4793 Arraldo
1572 4734 1634 4817 epi-

238 4821 311 4882 driei
340 4823 469 4896 abbatis;
501 4837 636 4905 praterea
664 4828 785 4887 mutavit
814 4827 916 4886 abbate
949 4850 1045 4912 scopo.

1445 5036 1487 5109 16
