4462 6120
958 676 1305 754 MONASTERIUM

774 957 1134 1048 CAPITULUM
1171 959 1495 1049 Lxxxvlu.

701 1209 744 1267 De
757 1209 904 1286 junioratu
918 1209 1051 1268 aeclesia
1067 1209 1158 1268 sancti
1174 1208 1294 1268 Leobini
1313 1206 1558 1268 castridunensis.

232 1453 293 1500 atto
305 1469 329 1504 a.
344 1451 416 1502 roeo.
493 1434 738 1508 «Christianae
756 1434 942 1534 religionis
959 1434 1090 1508 obtimi
1109 1434 1181 1506 viri
1197 1434 1403 1534 quondam,
1421 1434 1508 1507 dum
1530 1431 1702 1505 omnibus
1719 1430 1833 1505 llore-

440 1573 524 1631 rent
541 1558 673 1657 copiis,
689 1574 725 1630 et
738 1557 929 1645 aecclesias,
945 1557 1054 1658 longe
1064 1558 1207 1658 lateque
1219 1583 1284 1655 per
1297 1555 1425 1631 orbem
1441 1557 1479 1628 in
1494 1554 1633 1630 bonore
1646 1551 1712 1626 Dei
1725 1568 1833 1653 atque

441 1697 650 1753 sanctorum
667 1696 942 1780 sanctarumque
963 1680 1149 1754 memoriis
1172 1678 1347 1756 nobiliter
1362 1694 1610 1768 constructas,
1632 1676 1832 1775 religiosis-

441 1805 529 1875 sime
551 1802 713 1877 colerent
718 1855 731 1888 ,
750 1828 805 1877 eas
823 1800 971 1873 diversis
993 1799 1234 1877 donariorum,
1252 1799 1367 1873 titulis
1385 1800 1592 1900 insignitas,
1614 1797 1833 1896 locupletare

440 1924 656 2014 voluerunt,
675 1949 835 2025 quorum
850 1922 1036 2023 privilegia
1057 1924 1095 1995 in
1113 1923 1197 2022 ipsis
1213 1923 1400 2012 aecclesiis,
1420 1947 1493 1994 una
1510 1946 1594 1994 cum
1611 1945 1737 1993 eorum
1753 1942 1830 1990 me·

440 2047 584 2135 moriis,
603 2062 793 2119 servantur
808 2062 845 2118 et
860 2044 1115 2132 servabuntur,
1140 2043 1285 2118 Christo
1309 2045 1468 2121 Domino
1491 2059 1687 2116 annuente.
1706 2042 1832 2141 ltaque

441 2163 509 2270 ego
517 2223 528 2257 ,
555 2168 726 2242 Albertus
747 2169 915 2259 nomine,
942 2169 1125 2269 Hugonis,
1154 2184 1286 2240 sanctae
1309 2169 1477 2241 aecclesiae
1495 2165 1726 2243 Carnotensis
1742 2164 1836 2235 vice-

440 2289 601 2380 domini,
628 2289 743 2382 filius,
766 2308 899 2367 notum
915 2317 987 2364 esse
1003 2290 1088 2366 volo
1104 2307 1178 2363 tam
1194 2289 1433 2390 praesentibus
1449 2317 1559 2391 quam
1574 2289 1707 2362 futuris
1716 2339 1727 2376 ,
1745 2286 1834 2357 meis

440 2411 577 2484 scilicet
602 2411 869 2497 ¹successoribus
882 2465 893 2499 ,
924 2411 969 2486 de
997 2412 1154 2498 aecclesia
1179 2413 1291 2485 sancti
1320 2411 1497 2500 Leobini,
1528 2436 1612 2512 quae
1642 2411 1677 2482 in
1707 2411 1836 2483 Braiao

442 2550 560 2607 castro
591 2559 698 2633 super
721 2533 876 2606 fluvium
902 2534 1055 2608 Osannae
1081 2533 1228 2607 fundata
1253 2552 1326 2625 est,
1351 2513 1389 2608 et
1414 2562 1433 2607 a
1457 2534 1595 2609 domno
1621 2558 1703 2606 meo
1720 2531 1836 2607 vvil-

442 2656 572 2744 lelmo,
601 2658 711 2755 ipsius
731 2658 835 2729 castri
853 2657 1023 2745 domino,
1053 2685 1136 2730 cum
1154 2658 1231 2730 aliis
1249 2656 1358 2730 rebus
1378 2675 1500 2731 tenere
1516 2656 1639 2729 videor
1646 2683 1657 2744 3
1676 2654 1720 2727 de
1737 2655 1832 2753 ipsa,

442 2779 608 2878 inquam,
627 2805 711 2851 cum
733 2805 909 2854 consensu
931 2781 1000 2866 mei
1024 2780 1195 2852 carissimi
1217 2779 1361 2867 fratris,
1385 2780 1535 2853 nomine
1556 2776 1742 2866 Guerrici,
1770 2779 1833 2877 qui

441 2926 541 2972 stunc
556 2917 631 2988 est,
653 2918 735 3001 post
752 2903 863 3000 patris
879 2903 950 2974 mei
968 2916 1144 2990 mortem,
1163 2901 1430 2990 vicedominus,
1444 2903 1674 3002 junioratum
1690 2898 1837 3000 quidem

442 3037 566 3096 sancto
594 3025 725 3111 Petro,
758 3050 799 3096 ac
826 3022 1013 3098 monacbis
1040 3023 1108 3096 sibi
1138 3021 1400 3096 famulantibus
1430 3026 1468 3097 in
1499 3022 1673 3098 coenobio
1702 3021 1834 3120 ipsius,

442 3142 540 3244 quod
565 3143 734 3217 decenter
760 3146 798 3217 in
822 3144 1001 3217 suburbio
1018 3145 1127 3216 situm
1145 3160 1198 3217 est
1216 3145 1431 3244 supradictae
1448 3146 1621 3233 civitatis,
1640 3129 1839 3218 concedens

442 3290 565 3338 annuo
582 3280 618 3338 et
634 3291 799 3338 annuens
815 3264 999 3351 concedo,
1017 3277 1086 3363 pro
1098 3265 1286 3336 animabus
1298 3280 1492 3363 parentum
1507 3283 1719 3339 nostrorum
1728 3318 1740 3354 ,
1758 3263 1840 3337 nec-
1870 3312 1880 3319 -

442 3414 519 3461 non
535 3403 571 3458 et
587 3413 655 3487 pro
673 3385 785 3460 salute
807 3403 881 3457 tam
901 3385 970 3458 mei
998 3411 1107 3487 quam
1128 3385 1251 3457 fratris
1272 3387 1558 3473 antenominati,
1583 3385 1841 3486 perpetualiter

444 3508 603 3583 concedo
621 3535 682 3582 :ea
700 3509 836 3582 scilicet
851 3508 950 3608 lege,
970 3524 1011 3578 ut
1026 3506 1217 3607 presbiteri
1235 3509 1344 3607 ipsius
1360 3508 1529 3582 aecclesiae
1545 3534 1612 3582 nec
1628 3535 1647 3579 a
1663 3534 1722 3583 me
1739 3534 1805 3580 nec
1821 3536 1839 3580 a

444 3635 534 3703 meis
549 3629 812 3703 successoribus
829 3630 905 3703 ullo
922 3628 1032 3703 modo
1048 3629 1299 3718 dominentur,
1326 3647 1379 3704 set
1399 3629 1444 3702 ab
1465 3632 1549 3730 ipsis
1571 3629 1776 3725 monachis,
1794 3627 1840 3700 ab

446 3752 512 3825 hac
528 3751 585 3824 die
603 3754 639 3823 in
657 3770 781 3842 antea,
798 3753 993 3823 mittantur
1009 3752 1046 3823 in
1062 3753 1135 3851 ipsa
1148 3752 1320 3842 aecclesia,
1335 3752 1574 3829 dominentur
1585 3768 1621 3825 et
1632 3753 1838 3852 ejiciantur,

447 3875 474 3947 si
493 3869 589 3948 sorte
607 3889 826 3948 mereantur.
846 3872 1011 3946 Habeant
1028 3891 1147 3947 tamen
1166 3874 1309 3949 anobis
1326 3873 1523 3948 dedecima
1544 3874 1712 3947 aecclesiae
1732 3900 1840 3975 quam
1880 3858 1883 3862 ¹

447 3996 669 4083 retinemus,
685 4020 751 4093 per
764 3993 925 4094 singulos
944 4021 1077 4082 annos,
1095 3994 1186 4069 duos
1200 3995 1341 4072 modios
1358 3997 1493 4086 tritici,
1509 3998 1586 4069 sine
1603 3995 1676 4067 ulla
1695 3994 1841 4070 datione

449 4117 558 4216 precii
567 4146 578 4205 3
595 4115 823 4217 habeantque
840 4116 949 4190 altare
965 4132 1004 4210 et
1017 4115 1217 4215 offerendas
1231 4143 1296 4216 per
1312 4118 1490 4190 circulum
1503 4120 1604 4206 anni,
1619 4134 1741 4216 preter
1753 4143 1841 4218 qua-

449 4256 534 4313 tuor
548 4239 664 4326 l'estas,
679 4240 717 4310 in
727 4238 861 4339 quibus
868 4238 954 4312 duas
962 4254 1081 4337 partes
1093 4239 1287 4315 olferendae
1298 4240 1414 4314 adhuc
1426 4243 1466 4313 in
1475 4240 1608 4315 nostris
1621 4225 1745 4314 usibus
1757 4241 1842 4311 reti-

449 4386 590 4434 nemus.
612 4357 839 4432 Dimittimus
855 4361 963 4434 etiam
986 4361 1202 4433 calumniam
1226 4361 1395 4435 aecclesiae
1419 4363 1532 4435 sancti
1559 4362 1732 4449 Romani,
1757 4386 1840 4461 quae

451 4500 502 4557 est
524 4482 619 4554 ultra
641 4481 793 4553 lluvium
812 4508 918 4581 supra
939 4498 1203 4572 memoratum,
1229 4500 1271 4556 ut
1293 4483 1415 4557 nullus
1436 4499 1648 4558 nostrorum
1669 4479 1842 4555 heredum

450 4605 644 4704 quicquam
668 4602 794 4675 audeat
818 4629 979 4704 unquam
1003 4604 1146 4705 exigere
1167 4604 1213 4676 ab
1238 4633 1297 4695 ea,
1326 4605 1386 4678 sed
1410 4632 1488 4679 eam
1512 4604 1681 4691 monachi
1694 4630 1743 4692 ex
1760 4620 1842 4678 toto

451 4724 675 4824 possideant,
695 4725 876 4800 aedificent
891 4741 929 4799 et
945 4751 1067 4801 secure
1083 4725 1249 4801 babeant.
1269 4730 1385 4828 Hujus
1402 4746 1524 4803 autem
1538 4727 1747 4802 donationis
1764 4751 1843 4798 car-

453 4861 526 4915 tam
548 4862 730 4935 nostram,
751 4845 916 4921 videlicet
927 4849 1088 4947 jussione
1117 4851 1303 4949 scriptam,
1329 4850 1495 4923 manibus
1521 4851 1656 4923 nostris
1681 4847 1840 4923 nomini-
