4462 6120
920 695 1310 786 incanuerit-:nes

1009 984 1068 1031 Les
1094 983 1213 1033 naurs.

478 1162 543 1240 91.
582 1162 735 1255 Gonni,
758 1190 797 1269 p.
818 1160 921 1258 484,
943 1192 975 1240 c.
1002 1162 1077 1258 24,
1103 1163 1127 1239 l.
1146 1190 1184 1272 9.
1216 1159 1457 1256 Guillaume,
1478 1158 1581 1238 abbe'
1603 1157 1653 1241 de
1674 1159 1812 1240 Saint-

423 1302 533 1396 Pere,
557 1330 607 1378 en
630 1299 844 1380 coufiauta
871 1300 1054 1378 Gcoffroi
1077 1298 1249 1381 d'Arrou
1270 1300 1304 1379 la
1324 1301 1460 1378 mairie
1481 1298 1534 1378 du
1558 1298 1649 1378 bois
1671 1298 1809 1394 Rufio,

419 1585 601 1663 gravamina,
629 1605 685 1663 que
715 1585 836 1661 majores
864 1583 997 1641 villarum
1024 1603 1095 1641 sua·
1129 1581 1240 1642 habebo
1251 1603 1316 1642 curn
1331 1583 1462 1654 rusticis;
1482 1601 1560 1661 nequ
1571 1601 1637 1640 eeos
1653 1582 1810 1645 mitnmin

419 1702 481 1738 rum
497 1691 524 1738 et
536 1681 690 1741 servientes
704 1683 912 1760 prepositorum
927 1683 957 1739 in
972 1681 1093 1739 rusticos
1129 1678 1273 1759 plegium3
1287 1699 1382 1759 neque
1392 1680 1505 1760 exigam
1516 1677 1552 1737 ab
1564 1680 1604 1737 eis
1613 1698 1694 1757 oves,
1703 1688 1808 1760 ugnos,

418 1778 604 1848 exercebant;
622 1800 678 1858 que
690 1779 757 1858 quia
772 1781 890 1837 omniuo
903 1777 1092 1837 intolerabilia
1129 1795 1262 1849 anseres,
1279 1775 1417 1858 gallinas,
1438 1797 1533 1858 neque
1548 1774 1664 1857 aliquid
1679 1774 1759 1856 quod
1772 1774 1811 1836 ad

418 1887 515 1949 erant,
533 1873 733 1934 indicaverunt
749 1875 882 1935 similiter
898 1873 995 1934 donno
1012 1874 1095 1934 Gnu-
1130 1876 1309 1932 exactionem
1330 1873 1456 1954 aliquam
1478 1875 1639 1953 pertincat;
1655 1892 1751 1954 neque
1762 1884 1812 1933 te-

418 1971 491 2031 lrido
515 1975 562 2052 pie
584 1971 790 2032 recordationis
813 1972 1006 2054 predecessori
1029 1992 1095 2031 meo
1131 1969 1207 2029 nebo
1221 1970 1327 2050 placita
1343 1990 1442 2029 corum
1457 1982 1525 2028 ante
1541 1990 1605 2043 me,
1626 1988 1722 2049 neque
1739 1967 1812 2027 sub-

416 2070 566 2149 episcopo,
590 2069 673 2146 cujus
695 2069 831 2128 nimirum
856 2069 978 2129 consilio
998 2081 1027 2128 et
1046 2091 1095 2128 as·
1132 2067 1254 2126 monebo
1268 2088 1316 2126 eos
1331 2069 1392 2126 sine
1410 2067 1491 2144 jussu
1505 2067 1661 2148 prepositi,
1677 2064 1724 2126 rel
1737 2056 1810 2124 certi

415 2186 522 2240 seusu,
547 2167 584 2226 ob
609 2165 738 2225 remedio
758 2178 904 2225 tantorum
926 2166 1092 2240 malorum,
1130 2167 1226 2226 nuntii
1244 2168 1325 2246 ejus,
1343 2179 1371 2225 et
1386 2167 1634 2226 sinecertucausa
1649 2185 1737 2246 quam
1750 2163 1811 2224 ibi·

415 2262 537 2341 predicti
552 2262 651 2323 fratres
665 2265 755 2323 nostri
770 2267 1000 2344 conscripserant
1009 2265 1106 2323 insti*
1129 2264 1195 2324 dem
1208 2265 1357 2323 nominem
1368 2267 1419 2323 eis.
1432 2264 1496 2324 Non
1510 2267 1604 2345 patiar
1617 2262 1722 2322 amodo
1731 2262 1811 2342 quod

415 2372 521 2433 tutum,
541 2359 619 2440 quod
637 2374 665 2420 et
684 2374 922 2441 presentaverunt
935 2374 965 2420 et
976 2362 1033 2442 legi
1048 2361 1093 2420 le-
1128 2362 1284 2422 servientes
1295 2362 1434 2442 prepositi
1446 2361 1524 2445 apud
1536 2362 1656 2421 rusticos
1670 2381 1735 2419 mee
1746 2382 1812 2420 mu-

415 2469 516 2516 cerunt
526 2457 557 2516 in
570 2457 714 2536 presentia
726 2477 807 2532 mea,
823 2471 955 2540 rogantes
969 2470 1002 2517 ut
1017 2457 1091 2517 illud
1126 2462 1199 2542 jorie
1227 2459 1383 2540 hospitium
1407 2459 1554 2534 babeant,
1586 2479 1682 2540 neque
1705 2458 1744 2518 ab
1768 2461 1810 2519 cis

414 2574 467 2632 ego
481 2575 595 2634 quoque
609 2553 794 2614 concederem
805 2568 833 2613 et
844 2555 999 2616 firmarem.
1014 2554 1090 2630 Quia
1127 2561 1282 2640 quicquam
1296 2559 1429 2640 exigant,
1448 2580 1502 2618 nec
1516 2578 1662 2619 annonam
1675 2576 1730 2617 nec
1742 2578 1811 2617 ave-

416 2673 483 2734 ergo
500 2652 574 2711 illud
588 2674 624 2712 ex
637 2653 805 2713 necessitate
819 2666 848 2712 et
861 2676 915 2733 pro
931 2675 1002 2735 pace
1017 2675 1092 2734 pau·
1130 2679 1214 2731 nam,
1237 2677 1291 2715 nec
1309 2677 1411 2730 ovem,
1436 2677 1489 2716 nec
1505 2677 1630 2738 agnum,
1654 2675 1708 2715 nec
1722 2675 1811 2714 ιιιεο-

413 2771 513 2830 perum
528 2750 726 2823 instituerant,
748 2763 776 2809 ct
796 2750 916 2830 predicti
937 2749 1090 2830 predeces-
1131 2774 1194 2827 res,
1216 2774 1270 2812 uec
1290 2752 1432 2835 gallinas,
1455 2773 1510 2811 nec
1527 2752 1624 2835 ligna;
1648 2772 1743 2833 neque
1761 2768 1808 2809 eos

413 2850 484 2908 soris
495 2851 585 2908 nostri
598 2849 724 2929 episcopi
736 2848 886 2923 Gaulridi‚
899 2851 981 2929 cujus
993 2850 1090 2907 anima
1127 2849 1314 2910 medietarios
1327 2849 1473 2923 babeant,
1488 2862 1538 2910 aut
1552 2851 1583 2909 in
1597 2850 1726 2932 plegium
1739 2849 1810 2908 mit-

414 2948 572 3026 requiescat
581 2946 610 3004 in
623 2967 704 3025 pace,
713 2948 865 3006 auctoritas
876 2967 1021 3006 assensum
1031 2967 1092 3026 pre-
1129 2960 1212 3020 tant,
1228 2969 1322 3027 neque
1339 2951 1481 3008 corveiam
1496 2947 1623 3028 aliquam
1637 2946 1674 3005 ab
1689 2947 1732 3005 eis
1744 2946 1810 3006 exi·

415 3046 532 3118 buerat,
554 3046 721 3125 petitionem
738 3046 865 3124 ipsorum
885 3045 1009 3126 benigne
1027 3066 1093 3104 sus-
1128 3058 1206 3127 gant.
1229 3045 1358 3105 Preterea
1381 3044 1473 3105 fidelis
1492 3067 1541 3105 ero
1561 3044 1642 3104 vobis
1656 3043 1760 3104 aare&
1772 3044 1809 3103 de

414 3142 536 3223 cepi,ut
549 3155 811 3223 sacramenta‚que
821 3144 943 3220 majores
955 3155 983 3202 et
994 3144 1091 3202 rustici
1129 3143 1331 3225 perquirendis
1360 3156 1388 3203 et
1416 3142 1613 3225 persolvendis
1647 3141 1808 3202 redditibus

414 3240 467 3296 sibi
482 3238 608 3299 lecerunt
624 3241 652 3297 in
668 3241 812 3321 capitulo,
828 3241 857 3299 in
874 3240 925 3300 hec
939 3242 1094 3321 verbaque
1130 3244 1248 3313 vestris;
1264 3263 1322 3300 non
1335 3242 1489 3321 suscipiam
1502 3240 1609 3301 vendas
1621 3263 1638 3299 a
1649 3259 1806 3321 quoquam,

413 3337 682 3417 secuntur'singulis
694 3338 818 3398 bienniis
832 3351 1006 3398 renoventur
1021 3360 1092 3396 con·
1130 3339 1222 3399 donec
1245 3351 1403 3420 emptorem
1428 3338 1570 3398 adducam
1592 3351 1622 3397 et
1645 3349 1807 3419 presentem

415 3435 505 3506 cessi,
522 3447 550 3493 et
568 3455 684 3514 presens
696 3436 765 3494 mibi
778 3437 918 3517 scriptum
933 3436 1020 3517 sigilli
1036 3435 1092 3494 mei
1129 3434 1210 3494 vobis
1234 3434 1264 3492 in
1286 3435 1455 3514 capitulum.
1479 3434 1589 3494 Census
1613 3447 1720 3495 vestros
1730 3453 1809 3525 'per-

413 3533 599 3611 impressione
608 3532 991 3592 firmavi-Sacramentum
999 3531 1092 3612 majo·
1126 3532 1240 3612 quirum
1253 3531 1290 3591 nd
1301 3534 1457 3591 terminum
1467 3531 1623 3591 stabilitum
1634 3532 1696 3592 sinc
1706 3530 1808 3591 l'ruude

412 3649 474 3684 rum
490 3627 606 3691 ecclesie
622 3645 717 3688 nostre
734 3630 812 3712 qnod
828 3629 927 3687 dehent
937 3628 1042 3712 secere
1062 3630 1092 3687 in
1127 3642 1157 3690 et
1186 3630 1270 3700 dolo;
1300 3644 1328 3689 ct
1354 3643 1505 3710 postquam
1530 3649 1701 3712 suscepero,
1732 3628 1806 3689 infru

412 3724 547 3803 capitulo.
569 3729 634 3786 llnr
649 3725 789 3797 audiatis,
810 3726 941 3797 domini,
959 3725 1038 3805 quod
1056 3725 1092 3784 ab
1127 3729 1260 3809 quintum
1275 3726 1419 3787 decimum
1435 3727 1512 3787 diem
1535 3728 1566 3787 in
1589 3747 1701 3786 camera
1719 3724 1808 3805 buius

411 3820 545 3879 bacbora
567 3825 595 3882 in
617 3836 719 3895 antea,
734 3844 750 3880 a
765 3822 884 3881 rusticis
896 3843 959 3881 rnec
974 3823 1093 3900 majorie
1129 3824 1249 3884 ecclesie
1277 3845 1426 3905 reponam.
1457 3823 1522 3884 Non
1547 3825 1646 3903 paciar
1672 3822 1806 3883 bomines

413 3939 469 3975 uon
485 3920 597 3999 exigam
614 3943 715 3980 aurum
740 3919 785 3977 vel
804 3931 974 4000 argentum,
998 3941 1091 3999 neque
1129 3924 1189 3979 sive
1199 3921 1320 3981 seminas
1334 3934 1383 3981 aut
1394 3924 1586 4001 possessiones
1598 3921 1712 4001 aliquas
1722 3919 1807 3998 bujos

412 4013 585 4075 frumentum
610 4031 658 4076 aut
684 4038 829 4087 avenam,
862 4037 919 4074 non
955 4015 1089 4074 humeros
1127 4020 1246 4079 ecclesie
1269 4021 1306 4079 ab
1328 4019 1446 4079 ecclesis
1473 4019 1609 4092 alienari,
1633 4040 1691 4078 nou
1717 4028 1807 4079 terras

413 4131 579 4187 porrorum,
600 4137 657 4174 non
680 4113 808 4173 tortellos
828 4124 878 4172 aut
898 4134 970 4185 ova,
995 4134 1088 4192 neque
1124 4130 1172 4175 aut
1187 4115 1316 4176 redditus
1331 4129 1440 4175 vestros
1454 4116 1491 4176 ad
1506 4117 1665 4197 dampnum
1678 4128 1806 4176 vestrum

412 4211 538 4268 corveias
558 4212 667 4292 aliquus
689 4225 817 4283 arature,
842 4210 879 4269 ub
900 4211 970 4290 ipsis
994 4232 1087 4291 neque
1124 4226 1153 4274 et
1170 4213 1289 4273 ecclesie
1305 4235 1358 4294 per
1371 4236 1416 4274 mc
1432 4214 1479 4273 vel
1495 4236 1547 4294 per
1561 4214 1649 4273 aliurn
1665 4213 1805 4294 occupari

412 4304 449 4360 ab
461 4308 597 4367 trxoribus
609 4331 728 4379 eorum,
743 4309 870 4369 corveias
887 4306 1023 4380 lanificii,
1042 4306 1088 4366 vcl
1125 4324 1264 4392 qnantum
1283 4311 1321 4371 ad
1343 4333 1388 4370 me
1404 4312 1579 4393 pertinebit,
1602 4313 1674 4391 quin
1690 4310 1804 4371 veniam

412 4404 564 4481 cujuslibet
587 4407 704 4466 ulterius
732 4408 790 4479 rei,
820 4428 870 4486 per
898 4428 943 4465 me
965 4405 1011 4464 vel
1037 4425 1090 4486 per
1124 4411 1152 4468 in
1168 4409 1327 4488 capitulum
1341 4421 1369 4469 et
1384 4410 1479 4468 dicam
1492 4411 1583 4468 vobis.
1596 4409 1661 4469 llec
1674 4408 1803 4491 legitime

411 4523 529 4562 uxorem
544 4527 658 4577 meum,
679 4527 773 4585 neque
795 4527 844 4587 per
862 4505 986 4585 aliquam
1002 4504 1087 4563 aliam
1125 4519 1153 4565 et
1170 4504 1292 4566 fideliter
1312 4507 1417 4566 tenebo
1435 4509 1498 4569 sine
1518 4506 1595 4566 malo
1615 4507 1805 4589 ingenim-sic

412 4601 586 4681 subpositum
606 4625 769 4684 personam.
787 4603 851 4663 Non
867 4604 981 4684 exigam
996 4602 1032 4660 ab
1047 4603 1087 4661 cis
1122 4604 1808 4684 meDeusadjuvet&hemanea-Sacramen-

413 4697 601 4761 rclevationcs
620 4713 760 4760 terrarum
776 4701 823 4760 vel
836 4700 955 4760 aliarum
973 4721 1088 4779 posses·
1123 4718 1183 4762 tum
1200 4704 1369 4763 rusticorum
1389 4704 1467 4788 quod
1476 4703 1520 4783 fit
1540 4706 1569 4762 in
1587 4704 1727 4785 capitulo.
1741 4702 1805 4763 Hoc

413 4795 542 4868 sinimur,
569 4798 773 4859 decedentibus
797 4798 927 4878 patribus
951 4796 996 4855 vel
1020 4796 1085 4856 aliis
1121 4802 1261 4875 audiatis,
1285 4802 1412 4873 domini,
1438 4802 1516 4884 quod
1541 4803 1579 4862 ab
1604 4801 1656 4862 bac
1678 4802 1750 4863 bora
1773 4804 1802 4862 in

415 4895 620 4970 possessoribus
634 4918 750 4973 earum3
769 4917 863 4976 neque
877 4894 912 4954 de
928 4898 1086 4977 conjugan·
1122 4912 1204 4959 antea
1222 4922 1280 4959 non
1299 4902 1436 4981 recipiam
1456 4901 1493 4961 ad
1514 4900 1718 4981 hospitandum
1738 4921 1803 4960 ser,

414 4990 457 5049 dis
473 4990 600 5067 leminis;
620 4996 798 5055 venditiones
813 5014 906 5075 neque
921 4994 1087 5056 medietates
1123 4998 1232 5057 vientes
1245 5000 1399 5085 prepositi,
1415 5020 1510 5079 neque
1530 5001 1644 5059 veniam
1667 5020 1720 5080 pro
1734 4998 1808 5058 sub-
