4462 6120
475 740 520 788 xc
633 762 637 771 ψ
971 697 1363 791 rnonncounnns.

533 865 731 947 L'officier
759 868 830 976 qui
856 865 982 974 figure
1007 866 1106 946 dans
1135 885 1252 947 notre
1272 867 1492 947 Curtulaire
1516 894 1608 948 sous
1632 867 1667 946 le
1694 868 1795 947 nom
1817 867 1868 950 de

475 1004 634 1111 bajulus
657 1004 807 1084 obbatis
818 1005 845 1097 ¹,
874 1003 970 1083 e'tait
995 1004 1127 1112 plutot
1150 1004 1334 1084 l’homme
1359 1003 1410 1085 de
1432 1003 1560 1085 l'abbsi
1583 1031 1662 1116 que
1684 1004 1785 1085 celui
1812 1003 1868 1085 du

475 1141 667 1249 chapitre.
692 1140 842 1220 L’abhe
863 1169 913 1219 en
935 1145 1040 1222 avait
1062 1141 1258 1250 plusieurs
1280 1139 1332 1221 de
1353 1171 1397 1221 ce
1418 1143 1511 1223 titre
1532 1139 1632 1222 dans
1649 1170 1692 1221 su
1718 1140 1866 1255 depen-

473 1276 599 1358 dance
628 1278 892 1386 particuliere.
919 1281 1070 1358 Autant
1097 1279 1190 1390 qn'il
1217 1279 1329 1358 m'est
1352 1279 1526 1387 possible
1551 1277 1601 1359 de
1626 1280 1680 1363 les
1708 1276 1865 1376 definir,

474 1414 654 1494 c'etaient
678 1444 831 1495 comme
855 1414 924 1496 des
949 1418 1210 1523 inspecteurs‚
1234 1415 1399 1524 charges
1418 1416 1469 1497 de
1490 1417 1545 1496 lui
1567 1416 1665 1496 faire
1684 1414 1754 1495 des
1773 1444 1866 1524 rup-

473 1570 585 1659 ports
607 1581 676 1632 sur
698 1570 826 1633 tontes
842 1553 896 1633 les
917 1552 1073 1634 affaires
1093 1554 1163 1666 qui
1184 1555 1397 1662 pouvaienr
1417 1553 1627 1634 interesset
1645 1551 1867 1633 l’adminis·

473 1692 623 1770 tration
641 1709 680 1769 et
699 1691 734 1770 la
752 1689 962 1800 discipline
976 1691 1030 1772 du
1046 1711 1236 1791 convent,
1253 1709 1293 1772 et
1307 1710 1422 1773 tenus
1436 1690 1486 1776 de
1501 1693 1683 1774 l'assister
1704 1707 1866 1804 partout

476 1823 583 1904 etde
604 1824 915 1934 l'acoompugner
934 1855 984 1906 en
1005 1854 1164 1936 voyage.
1362 1834 1363 1837 ’

529 1958 595 2040 66.
627 1963 684 2042 Le
698 1964 895 2070 seigneur,
912 1964 1120 2042 minutor’.
1141 1962 1173 2041 Il
1188 1992 1215 2070 y
1231 1965 1336 2043 avait
1351 1993 1454 2072 pour
1469 1964 1523 2044 les
1537 1966 1691 2044 moines
1708 1982 1748 2044 et
1762 1991 1865 2072 pour

471 2097 525 2176 les
544 2098 758 2179 chanoines
774 2097 964 2206 re'guliers
983 2101 1176 2178 certaines
1192 2102 1344 2180 saisons
1360 2098 1414 2180 0i1
1432 2101 1469 2180 la
1489 2099 1645 2208 saigne'e
1666 2100 1866 2191 leuretait

471 2238 679 2339 prescrite,
701 2251 741 2314 et
764 2233 860 2314 hors
885 2233 1103 2343 desquelles
1128 2252 1229 2316 cette
1253 2238 1462 2346 operation
1489 2266 1541 2318 ne
1568 2239 1732 2346 pouvait
1753 2238 1865 2318 avoir

471 2373 567 2472 lieu,
589 2373 681 2453 sans
695 2373 732 2452 le
748 2402 812 2452 cus
828 2373 878 2454 de
899 2372 1068 2453 maledie
1089 2403 1219 2483 grave.
1243 2377 1352 2457 Dans
1372 2375 1518 2456 l’ordre
1535 2374 1585 2456 de
1607 2376 1771 2455 Clleaux
1792 2374 1865 2455 elle

412 2525 420 2540 '
471 2538 511 2588 se
532 2512 750 2621 pratiquait
770 2529 910 2622 quatre
930 2512 1009 2591 fois
1029 2541 1103 2621 pur
1119 2542 1190 2609 un,
1207 2516 1361 2594 savoir:
1379 2543 1429 2594 en
1449 2514 1609 2612 ferrier,
1633 2514 1751 2611 avril,
1773 2541 1863 2620 sep·

472 2648 625 2727 tembre
642 2667 681 2729 et
702 2676 788 2728 vers
809 2648 844 2728 le
864 2666 993 2755 temps
1008 2647 1058 2728 de
1077 2650 1114 2728 la
1135 2648 1372 2729 Saint-Jean.
1394 2654 1504 2730 Dans
1520 2648 1670 2729 l’ordre
1686 2648 1755 2729 des
1773 2649 1864 2729 chu-

472 2788 611 2865 noines
636 2785 825 2895 reguliers
848 2786 897 2866 de
919 2785 1206 2886 Saum-Victor,
1229 2785 1328 2868 dans
1348 2790 1448 2869 celui
1469 2786 1520 2868 de
1540 2787 1793 2869 Saint-Denis
1813 2787 1864 2870 de

472 3059 588 3140 quaudo
603 3081 661 3119 non
673 3073 716 3120 est
729 3081 863 3141 presens,
875 3073 965 3142 etpro
978 3061 1046 3120 vino
1057 3082 1147 3120 unum
1184 3061 1316 3122 Pretereu
1334 3083 1388 3143 pro
1407 3061 1552 3142 pellibus,
1574 3059 1680 3140 quibus
1701 3059 1744 3138 uti
1767 3055 1863 3117 solent

455 3196 457 3200 ι
473 3157 641 3229 denarium
657 3161 764 3218 sivero
784 3179 903 3238 presens
924 3159 975 3231 sit,
995 3157 1149 3218 dimidium
1183 3181 1237 3241 pro
1247 3159 1356 3241 palliis,
1367 3180 1411 3220 xrr
1423 3157 1584 3231 solidos3et
1592 3179 1644 3238 pro
1653 3152 1861 3228 calciamentis,

471 3256 626 3314 sextarium
647 3256 707 3314 vini
732 3277 836 3337 magno
857 3255 1044 3338 mcnse[sore.
1064 3277 1150 3315 men·
1184 3244 1302 3339 quondo
1314 3279 1387 3339 opus
1401 3269 1443 3318 est
1455 3257 1549 3316 eidem
1562 3257 1592 3314 in
1607 3253 1668 3314 foro
1680 3252 1811 3325 comitis,
1826 3250 1864 3312 de

470 3354 564 3427 surc],
587 3364 615 3411 el
633 3373 722 3414 unum
743 3351 880 3412 frustrum
898 3353 1010 3426 curnis,
1028 3365 1070 3426 er,
1085 3353 1150 3412 loco
1185 3355 1318 3414 omnibus
1332 3354 1477 3414 sutoribus
1490 3354 1541 3434 qui
1555 3349 1688 3412 vendunt
1701 3348 1746 3410 su
1757 3346 1864 3408 duaill

469 3453 581 3523 curnis,
598 3449 635 3511 ud
654 3451 749 3510 minus
767 3461 841 3510 ιιιι01
857 3451 960 3510 allecia
975 3450 1021 3511 vel
1038 3470 1058 3507 x
1074 3472 1147 3510 ova:
1184 3472 1273 3510 unum
1284 3451 1467 3534 empeignsm
1478 3449 1548 3509 corii
1561 3459 1608 3520 ;et
1619 3448 1681 3528 ipse
1687 3445 1795 3525 janitor
1807 3455 1862 3513 tru-

469 3559 539 3606 lunc
553 3548 640 3606 etiarn
655 3546 740 3607 habet
754 3547 905 3606 candelam
917 3547 954 3606 ud
968 3545 1146 3608 cubandum.
1185 3547 1228 3609 dit
1237 3549 1358 3631 singulis
1368 3568 1469 3609 eorum
1478 3560 1536 3607 tres
1547 3545 1645 3605 obolos
1654 3544 1690 3605 de
1696 3544 1783 3604 bursa
1797 3544 1862 3625 epi·

469 3644 513 3703 Ad
526 3645 595 3703 festa
608 3645 690 3704 heum
702 3645 795 3706 Murie
805 3688 813 3719 ,
825 3649 953 3705 omnium
964 3646 1146 3721 Sanctorum,
1184 3647 1274 3727 scopi.
1284 3646 1328 3707 De
1334 3665 1508 3727 unaquaque
1516 3643 1624 3720 majora
1633 3641 1701 3720 [sie]
1709 3661 1796 3701 unum
1802 3640 1861 3722 gsi-

471 3743 574 3802 natulis
595 3743 732 3816 Domini,
754 3744 993 3820 Circoncisionis,
1009 3743 1151 3826 Epypha-
1183 3742 1284 3802 linum.
1303 3741 1395 3816 Item,
1409 3742 1440 3800 in
1454 3739 1594 3800 nundinis
1607 3738 1690 3798 beate
1703 3736 1812 3811 Maris,
1823 3735 1860 3797 de

471 3841 535 3913 nie,
555 3839 661 3898 Pusche
671 3855 684 3913 ,·
694 3841 893 3915 Assensionis,
908 3854 937 3901 et
956 3841 993 3900 ad
1006 3844 1149 3923 carnipri·
1183 3840 1318 3900 omnibus
1329 3841 1410 3921 equis
1422 3839 1472 3919 qui
1486 3838 1594 3897 intrant
1607 3857 1661 3917 per
1674 3847 1786 3916 portum
1799 3835 1861 3914 epi·

471 3938 571 4009 vium,
598 3936 803 4018 dupplicnnlur
829 3937 883 3997 hec
908 3940 1004 3999 omnin
1031 3939 1148 4019 quando
1183 3939 1278 4019 scopi,
1295 3958 1386 3996 unum
1401 3934 1533 4006 oboluni;
1549 3947 1578 3994 et
1591 3933 1627 3994 de
1641 3952 1814 4015 unoquoque
1829 3932 1860 3991 in

470 4055 588 4113 presens
599 4046 658 4108 est,
670 4035 798 4116 alioquin
808 4036 950 4115 simplicia
961 4037 1066 4097 duntur
1076 4039 1150 4096 sicut
1185 4036 1264 4093 curin
1278 4035 1405 4116 episcopi
1420 4033 1573 4106 vendito,1
1589 4030 1751 4092 denarium.
1767 4029 1796 4090 Si
1811 4031 1863 4088 nsi·
1897 4104 1903 4109 ·

471 4134 502 4191 lil
515 4134 543 4189 in
556 4132 621 4192 aliis
632 4132 749 4206 diebus,
761 4136 823 4215 ipso
835 4147 976 4213 presente.
991 4135 1020 4194 Si
1031 4154 1149 4213 presens
1184 4131 1298 4191 litantes
1317 4133 1438 4192 exterini
1457 4130 1694 4213 supervenerint,
1711 4140 1741 4188 et
1757 4148 1863 4209 procu-

470 4242 513 4289 est
527 4231 722 4311 episcopusin
739 4231 811 4292 sesto
827 4233 917 4292 suncti
932 4231 1053 4292 Martini
1073 4230 1150 4313 dup-
1184 4231 1238 4289 rati
1252 4230 1359 4290 fuerint
1373 4231 1404 4289 in
1419 4229 1505 4290 domo
1524 4241 1636 4302 nostru,
1654 4239 1767 4301 mutum
1784 4227 1864 4306 capit

471 4328 615 4407 plicamur
628 4331 693 4408 [sic]
706 4329 822 4401 vinum;
835 4331 858 4388 si
869 4329 936 4389 soris
947 4373 956 4404 ,
969 4327 1055 4389 datur
1064 4328 1150 4388 dimi-
1184 4341 1325 4408 quantum
1339 4329 1363 4387 si
1377 4349 1430 4388 nos
1443 4339 1589 4408 presenles
1604 4347 1741 4386 essemus.
1755 4325 1863 4385 Femu-

470 4426 535 4485 dius
548 4429 703 4497 sextarium
717 4427 777 4486 sire
788 4428 823 4486 sit
833 4447 952 4508 presens
963 4428 1022 4486 sive
1033 4425 1146 4499 absens,
1184 4426 1229 4487 lus
1236 4428 1368 4505 janitoris
1378 4448 1492 4507 semper
1500 4447 1607 4510 punem
1615 4437 1644 4484 et
1652 4426 1752 4493 vinum
1760 4424 1862 4505 recipit

470 4524 559 4584 nichil
576 4527 717 4585 minuitur
728 4525 758 4584 in
771 4525 954 4605 carniprivio.
966 4524 1009 4583 De
1022 4524 1150 4583 militen·
1184 4547 1249 4585 cum
1267 4525 1331 4586 aliis
1347 4527 1426 4586 curie
1441 4538 1517 4585 relro
1534 4523 1717 4584 manentibus
1722 4564 1784 4586 .....
1804 4523 1862 4583 Ae-
1970 4555 1972 4559 >

469 4625 546 4684 tibus
568 4624 713 4697 exterius,
736 4625 786 4704 qui
801 4623 984 4704 prebendam
1007 4625 1149 4704 recipiunt
1184 4635 1245 4681 turn
1258 4644 1336 4682 nnno
1347 4625 1438 4704 gratie
1453 4643 1487 4682 ss.
1501 4641 1536 4681 cc
1550 4622 1674 4694 decimo,
1691 4639 1790 4681 mense
1807 4641 1864 4679 uu·

471 4724 500 4779 in
512 4723 608 4796 curin,
622 4721 728 4799 janitor
739 4720 828 4781 haber
841 4743 929 4781 unum
941 4742 1032 4781 avene
1045 4721 1150 4782 havea-
1184 4724 1271 4803 gnsti.
1289 4749 1303 4776 n
1322 4720 1454 4781 Clausal.
1472 4722 1539 4780 cccl.
1558 4721 1696 4789 carm,
1711 4717 1740 4777 1ο
1759 4717 1795 4779 31
1812 4729 1861 4790 ν’,

471 4831 541 4876 lum.
571 4818 709 4879 Mestivus
738 4819 827 4879 elium
851 4818 939 4878 habet
962 4841 1015 4900 per
1043 4832 1148 4879 terrum
1185 4817 1260 4881 Bihl.
1278 4818 1318 4879 du
1331 4817 1408 4890 Roi,
1426 4820 1507 4880 Cart.
1526 4816 1575 4879 43.

471 4915 617 4995 episcopi,
636 4928 665 4976 et
677 4937 767 4976 unum
782 4917 938 4976 sextarium
953 4915 988 4977 de
1002 4917 1148 4998 legumine
1227 4928 1235 4955 ¹
1253 4917 1285 4976 P.
1305 4920 1374 4993 177,
1390 4917 1411 4979 l.
1429 4921 1458 4989 13
1474 4938 1504 4998 p.
1524 4915 1634 4989 179,1.
1652 4917 1683 4974 6.

471 5015 502 5073 in
516 5015 681 5095 pruneriis,
702 5013 819 5094 quando
841 5014 977 5097 legumen
998 5015 1146 5095 recipitur.
1226 5025 1237 5052 ²
1254 5015 1288 5078 P.
1304 5015 1383 5091 328,
1399 5037 1425 5075 c.
1440 5016 1497 5087 86;
1513 5035 1542 5096 p.
1560 5012 1637 5088 336,
1653 5033 1680 5071 c.
1701 5011 1773 5070 102.
