4462 6120
738 774 776 848 S.
804 754 967 849 PETRl
963 767 1312 844 motttttouffltsts
1645 772 1716 843 217

331 937 427 992 rant
441 914 597 1022 Verum·
590 921 682 1022 quia
700 937 890 1032 paupertas
905 929 1045 1017 semper
1060 913 1252 1004 ctaudtoat,
1272 913 1445 988 Arraldus
1460 940 1606 1016 persepe
1622 918 1718 990 redi·

331 1054 389 1110 tus
403 1040 600 1114 secelesiae
591 1066 642 1114 ιιι·
646 1041 719 1112 suis
729 1020 880 1128 usilius,
894 1041 1011 1112 uictus
1025 1028 1168 1136 inopis,
1184 1035 1368 1110 stnobis
1360 1036 1502 1124 attritis,
1518 1035 1715 1124 retinebat,

328 1159 524 1234 obiciens
511 1187 549 1233 ιιι
566 1161 809 1235 conventione
830 1162 910 1237 fore
933 1140 1301 1252 candentoeccle'siam
1318 1176 1483 1232 cemento
1505 1174 1545 1231 et
1565 1156 1717 1257 lapidea

329 1280 436 1354 nobis
450 1281 581 1358 debere
597 1281 689 1377 fieri.
709 1284 951 1385 Quapropter,
975 1283 1150 1419 nutsp·
1115 1274 1258 1354 vicibus
1269 1308 1291 1353 a
1308 1280 1415 1355 nobis
1430 1283 1719 1357 excommunica·

328 1419 406 1496 tus,
425 1419 533 1505 atque
549 1406 701 1499 iterum,
725 1402 841 1506 specie
863 1422 967 1487 tenus
988 1404 1171 1505 usurpatis
1186 1401 1296 1477 rebus
1312 1402 1487 1496 dimissis,
1511 1400 1714 1492 absolutum

328 1522 491 1614 undem,
508 1525 659 1625 sapienti
672 1553 757 1599 usus
770 1527 964 1616 oonsilio,
954 1553 994 1599 in
1007 1532 1088 1600 sese'
1096 1550 1276 1613 reversus,
1294 1523 1338 1597 ad
1355 1524 1479 1597 limina
1494 1543 1606 1597 sancti
1598 1526 1715 1598 Petri

326 1647 447 1736 venit,
467 1673 550 1721 cum
567 1652 742 1749 cunjuge,
766 1651 916 1789 nomine
926 1649 1111 1737 Adelidae,
1130 1662 1168 1722 et
1184 1647 1254 1720 filia
1273 1645 1483 1736 Badehilde,
1503 1664 1587 1721 ante
1605 1647 1717 1720 altare

326 1764 379 1840 de
392 1770 590 1854 commissis
612 1770 754 1845 veniam
776 1740 904 1872 peciit,
921 1799 963 1846 ac
979 1772 1054 1847 de
1045 1798 1119 1871 ipsa
1144 1769 1307 1843 aecclesia
1322 1768 1462 1855 donum
1482 1796 1590 1869 super
1606 1770 1717 1844 altare

327 1890 470 1986 posuita
495 1887 580 1972 sul
587 1892 740 1966 verbum
762 1916 831 1992 pro
853 1895 1004 1967 missivis
1024 1891 1151 1989 dicens
1167 1919 1204 1965 se
1229 1917 1437 1992 nunquam,
1459 1889 1505 1963 ab
1523 1891 1586 1964 illo
1603 1890 1687 1964 die
1679 1919 1716 1964 ιιι

327 2026 450 2099 antea,
467 2011 624 2113 aliquam
647 2010 864 2103 calumniam
883 2015 1018 2089 inferre
1041 2013 1149 2089 nobis
1165 2013 1210 2087 de
1231 2039 1289 2100 ea,
1312 2038 1431 2113 neque
1447 2012 1611 2086 senilam
1626 2038 1717 2086 con·

326 2131 553 2206 suetudinem
581 2132 797 2208 habiturum
816 2138 856 2209 in
883 2164 922 2210 ea
943 2154 1061 2237 neque
1089 2137 1126 2209 in'
1152 2151 1250 2208 terra
1274 2134 1427 2208 adeum
1452 2136 1713 2234 pertinentem

327 2279 445 2369 usgue
457 2255 501 2330 de
515 2259 669 2332 annonis
682 2283 764 2358 quas
778 2258 815 2331 in
827 2260 982 2332 aecclesia
990 2258 1164 2359 ponende
1177 2272 1261 2330 sunt
1274 2257 1470 2329 molturam
1486 2256 1608 2345 ullam,
1623 2259 1716 2330 sicut

327 2376 426 2472 priu's
449 2374 619 2468 faciebat,
640 2406 707 2453 nec
724 2381 877 2456 omnino
893 2382 998 2455 aliam
1014 2381 1171 2481 aliquam
1186 2404 1266 2453 rem
1281 2370 1515 2479 accepturum
1521 2408 1533 2467 3
1552 2379 1612 2452 sed
1635 2380 1715 2454 ideo

327 2498 376 2570 ita
395 2498 544 2572 liberam
560 2500 728 2602 deinceps
743 2530 762 2575 a
779 2503 885 2579 nobis
899 2502 1093 2604 abendam,
1115 2516 1158 2572 ut
1174 2501 1368 2573 aecclesiam
1385 2500 1497 2573 sancti
1515 2500 1662 2602 Georgii
1680 2519 1716 2575 et

325 2620 521 2694 aecclesiam
537 2624 649 2695 sancti
666 2624 774 2696 Cirici
792 2623 837 2698 de
852 2626 985 2698 Aneto.
1002 2623 1120 2716 Quam
1132 2649 1209 2697 rem
1223 2639 1343 2721 postea
1357 2648 1517 2697 annuere
1528 2622 1614 2697 fecit
1632 2624 1715 2697 filiis

325 2741 415 2830 suis,
432 2741 620 2818 Gualterio
639 2745 776 2819 scilicet
790 2760 828 2819 et
843 2745 1047 2819 Gisleberto
1056 2796 1067 2833 ,
1087 2744 1171 2816 filiae
1185 2769 1333 2844 quoque
1348 2746 1503 2834 minori,
1524 2746 1715 2820 Milesinde

325 2862 487 2936 nomine.
502 2864 635 2937 Actum
649 2881 702 2938 est
714 2866 880 2939 Carnutis
893 2865 1052 2966 publice,
1065 2863 1098 2939 V
1111 2862 1399 2941 kalendasJunii.
1409 2865 1554 2939 Placuit
1567 2888 1715 2969 quoque

325 2983 472 3058 uomina
488 3008 616 3057 eorum
633 2984 858 3059 sulucribere
880 2988 942 3087 qui
966 3013 1011 3060 ex
1027 3001 1180 3087 utroque
1197 3001 1299 3084 parte
1319 2986 1470 3060 fuerunt
1490 3005 1683 3087 praesentes
1702 3022 1712 3062 ι

324 3103 576 3195 Marcuardus3
608 3105 813 3180 Gualterius
841 3121 878 3180 et
909 3104 1099 3195 Albertus,
1129 3104 1280 3196 fratres;
1304 3107 1525 3198 Walterius,
1561 3110 1714 3184 Blancus

323 3226 469 3299 Oculus.
489 3226 546 3298 Ex
564 3234 686 3301 nostin
707 3243 811 3326 patre
829 3259 838 3299 ι
858 3227 1052 3301 Gilduinus
1076 3229 1204 3327 major,
1220 3227 1434 3302 VValtcrius
1451 3229 1621 3319 clericus,
1651 3234 1714 3304 Ri-

323 3344 466 3421 cherius
489 3351 619 3448 maj0r,
646 3348 847 3448 Stephanus
875 3353 1003 3450 major,
1031 3351 1267 3439 Laurentius,
1296 3349 1537 3444 Gislebertus,
1565 3352 1713 3426 Adven-

323 3467 415 3558 tius,
443 3469 670 3568 Oydelerius,
696 3468 893 3545 Rotbertus
918 3470 1247 3560 nosochomiarius,
1274 3471 1469 3563 Radull'us,
1493 3471 1709 3562 Gilduinus,

322 3587 494 3665 Gaudium
514 3621 533 3660 ιι
979 3605 984 3619 “

695 3666 1096 3871 ὀιιιιυιιιιι
1129 3726 1305 3818 xc111.

560 3982 605 4042 De
619 3984 749 4064 quinque
763 3983 832 4044 olcis
846 3996 927 4045 tcnae
939 3983 1014 4045 datis
1026 3997 1126 4045 sancto
1142 3984 1227 4043 Petro
1242 3984 1272 4043 in
1289 3982 1470 4044 Nantilliacc.

372 4238 390 4277 ιι
408 4208 650 4284 Omnes-scire
666 4212 833 4287 volumus
849 4214 912 4314 qui
930 4211 992 4286 has
1008 4213 1145 4288 litteras
1161 4227 1247 4285 sunt
1263 4212 1413 4303 lecturi,
1432 4211 1606 4314 quoniam
1623 4213 1712 4286 adiit
1737 4233 1827 4278 Antea.
1841 4229 1911 4280 ποιο-

319 4329 465 4431 quidam
494 4333 619 4423 miles,
651 4335 800 4409 nomine
827 4335 1047 4425 Herlui'nus,
1079 4334 1213 4408 habens
1239 4360 1360 4407 secum
1389 4334 1642 4409 Germundum
1667 4335 1711 4410 de
1825 4398 1828 4402 .

319 4452 553 4530 Roschiniaco
582 4471 619 4528 et
645 4455 880 4530 lsenbardum
905 4458 1124 4557 armigerum
1149 4482 1277 4543 suum,
1308 4457 1421 4529 sancti
1450 4458 1547 4530 Petri
1575 4438 1711 4530 scilicet

319 4571 550 4650 carnotensis
576 4571 974 4668 coenobii‘monachos3
1000 4593 1126 4678 petens
1151 4575 1198 4651 ab
1221 4578 1271 4650 eis
1286 4580 1497 4653 orationum
1520 4579 1707 4681 suffragia,
1780 4583 1783 4589 '

321 4713 379 4784 ut,
399 4695 445 4768 ab
461 4697 519 4770 illa
542 4696 600 4772 die
624 4702 662 4772 iu
686 4716 810 4790 antea,
834 4728 917 4774 cum
938 4704 1023 4803 ipsis
1044 4700 1230 4778 monachis
1246 4727 1371 4776 earum
1387 4703 1564 4803 particeps
1584 4701 1707 4794 fieret,

319 4815 460 4894 Volcas
477 4835 584 4894 terrae
594 4875 605 4912 ,
626 4848 701 4896 non
720 4824 829 4925 longe
843 4823 890 4896 ab
907 4826 1053 4899 ecclesia
1070 4825 1183 4899 sancti
1200 4825 1297 4898 Petri
1318 4816 1359 4896 in'
1373 4822 1608 4912 Nantilliaco,
1630 4850 1709 4924 per·

318 4941 512 5038 petualiter
525 4944 757 5022 concedendo
768 4965 893 5024 sancto
905 4949 1013 5026 Petro
1026 4948 1188 5025 donavit.
1204 4947 1313 5047 Cujus
1328 4962 1434 5020 tenus
1449 4944 1709 5047 donum-super

1493 5071 1538 5144 28
