4462 6120
740 753 777 824 S.
800 753 943 824 PETRI
969 749 1307 825 CARNOTENSIS.
1673 751 1719 821 35

375 895 487 992 [Res¹
507 898 664 998 denique
681 925 767 998 quas
789 899 938 998 scriptas
955 899 1076 972 inveni
1097 899 1194 972 etad
1213 899 1406 974 canonicos
1425 899 1609 999 pertinere
1624 897 1722 972 vide·

325 1013 475 1111 bantur,
503 1019 632 1094 deinde
657 1047 713 1093 res
730 1048 812 1123 quae
833 1020 876 1094 ad
902 1022 1091 1093 luminaria
1120 1022 1290 1096 aecclesiae
1315 1022 1415 1095 etad
1443 1023 1580 1094 victum
1606 1019 1720 1094 editui

324 1136 493 1240 delegatae
504 1160 621 1232 erant,
631 1160 667 1218 et
679 1170 762 1244 quae
775 1161 896 1245 postea
910 1144 955 1218 ab
964 1145 1139 1245 episcopis
1155 1145 1284 1219 additae
1298 1161 1397 1234 sunt,
1410 1144 1537 1244 Agano
1552 1143 1719 1217 videlieet

324 1278 432 1364 atque
449 1264 677 1365 Ragenfredo
687 1321 698 1355 ,
718 1267 885 1341 monachi
907 1266 1018 1341 modo
1046 1293 1274 1369 nequaquam
1291 1267 1487 1367 possident.
1507 1267 1597 1341 Nam
1617 1293 1718 1368 quae-

322 1382 405 1458 dam
423 1386 502 1461 loca
524 1390 657 1489 scripta
671 1390 791 1462 inveni
812 1416 972 1492 quorum
995 1416 1095 1462 nunc
1108 1391 1258 1465 nomina
1277 1391 1324 1463 ita
1342 1407 1427 1464 sunt
1445 1389 1579 1464 abolita
1597 1406 1634 1464 et
1659 1391 1721 1462 in-

323 1525 429 1599 nota,
446 1528 489 1582 ut
505 1511 551 1583 ab
570 1510 780 1586 hominibus
798 1513 950 1611 penitus
965 1513 1196 1612 ignorentur,
1216 1514 1350 1588 nedum
1378 1511 1593 1587 habeantur.
1627 1514 1721 1586 Sunt

322 1656 405 1729 quae
423 1634 590 1706 sciuntur
611 1652 648 1709 et
674 1653 795 1710 tamen
826 1663 902 1709 non
925 1635 1121 1724 habentur,
1140 1638 1233 1709 sicut
1257 1638 1294 1709 in
1311 1636 1436 1712 Verno
1455 1653 1552 1709 terra
1575 1635 1717 1723 odulfi,

322 1780 432 1854 quam
443 1758 611 1855 promisit
624 1759 757 1856 praesul
768 1757 1014 1858 Regenfredus
1025 1776 1108 1857 post
1122 1775 1279 1832 mortem
1288 1758 1409 1831 odulfi
1424 1757 1563 1848 haberi,
1579 1773 1616 1832 et
1627 1757 1721 1830 sicut

323 1874 557 1951 Gundrevilla
580 1906 664 1952 cum
681 1879 826 1980 brogilo
841 1898 879 1954 et
889 1882 1013 1979 pratis,
1025 1881 1159 1982 quibus
1177 1908 1296 1955 carere
1314 1880 1497 1970 videntur,
1520 1895 1558 1954 et
1573 1881 1665 1952 sicut
1683 1880 1721 1952 in

323 1999 459 2072 lmonis
473 2000 565 2076 Vitta
587 2000 651 2073 ubi
675 2019 761 2074 sunt
778 2000 849 2074 dati
864 2019 950 2077 octo
966 2004 1101 2091 mansi,
1126 2019 1179 2077 set
1195 1999 1347 2076 minime
1363 2002 1605 2102 possidentur.
1626 2003 1722 2073 Sunt

323 2123 431 2192 etiam
449 2149 531 2223 quae
548 2123 780 2222 possidentur
800 2140 836 2196 et
856 2149 1011 2224 possessa
1024 2143 1111 2197 sunt
1124 2125 1170 2196 ab
1186 2126 1363 2227 antiquis,
1380 2125 1569 2226 dequibus
1586 2126 1720 2201 noticia

323 2243 529 2319 litterarum
544 2247 672 2346 periit,
688 2247 781 2318 sicut
798 2246 842 2319 de
856 2248 969 2322 Bosco
982 2247 1101 2322 Medio
1120 2250 1156 2320 in
1173 2250 1359 2323 territorio
1372 2249 1535 2321 Dunensi
1544 2303 1556 2338 ,
1573 2263 1610 2320 et
1627 2248 1722 2320 sicut

324 2364 368 2440 de
391 2382 485 2441 terra
510 2370 631 2442 Sancti
655 2368 751 2441 Petri
776 2370 1013 2460 Pictavensis,
1040 2397 1122 2471 quae
1144 2386 1198 2444 est
1217 2372 1312 2442 intra
1329 2371 1513 2442 civitatem
1530 2369 1719 2456 Carnotis,

322 2515 433 2590 quam
451 2491 598 2592 quidam
613 2492 737 2581 miles,
754 2492 913 2594 quodam
923 2497 1006 2591 jure
1018 2492 1222 2592 possidens,
1242 2507 1366 2568 sancto
1383 2495 1492 2567 Petro
1506 2482 1720 2566 Carnotensi

323 2638 366 2687 eo
381 2631 509 2689 tenore
521 2616 711 2704 concessit,
723 2631 765 2687 ut
779 2617 817 2688 in
831 2617 925 2691 atrio
940 2617 1061 2687 Sancti
1075 2617 1171 2689 Petri
1186 2614 1384 2688 aecclesiam
1397 2616 1437 2687 in
1453 2613 1594 2701 honore
1607 2615 1719 2688 saneti

323 2737 448 2809 Hilarii
465 2724 739 2827 construemnt;
760 2738 859 2841 quod
874 2754 911 2812 et
931 2739 1068 2811 sactum
1087 2755 1156 2825 est,
1175 2753 1229 2812 set
1246 2739 1281 2810 vi
1299 2751 1493 2838 potentum
1507 2752 1544 2811 et
1561 2728 1722 2810 militum

325 2861 362 2931 in
379 2885 419 2932 ea
436 2858 682 2932 habitantium
698 2861 882 2933 detinetur
908 2887 1033 2935 census
1047 2861 1091 2933 de
1109 2860 1232 2934 eadem
1248 2875 1366 2950 terra,
1387 2877 1431 2932 ut
1445 2861 1508 2933 vix
1525 2874 1623 2933 sexta
1640 2884 1723 2958 pars

323 2981 506 3055 reddatur.
525 2980 632 3054 Dedit
647 2983 756 3054 etiam
773 2983 945 3082 praefatus
963 2985 1065 3056 miles
1080 2986 1213 3058 Sancto
1228 2986 1349 3072 Petro,
1364 2983 1408 3056 de
1425 2982 1598 3082 praedicta
1614 2995 1723 3083 pote-

323 3119 425 3191 state,
443 3105 479 3176 in
494 3105 745 3178 Maanillare
756 3104 929 3205 grandem
940 3105 1334 3204 amplitudinemterrac
1344 3131 1413 3203 pro
1423 3132 1494 3206 qua
1503 3103 1670 3180 monachi
1682 3105 1721 3176 in

324 3225 464 3301 honore
481 3228 594 3298 sancti
613 3228 738 3299 Hilarii
753 3228 946 3300 secundam
963 3228 1159 3301 aecclesiam
1171 3226 1444 3300 edificaverunt.
1460 3270 1510 3284 -
1523 3228 1602 3298 Jam
1622 3252 1722 3298 nunc

322 3350 472 3447 expletis
490 3350 597 3422 cartis
616 3367 652 3422 et
673 3350 782 3422 rebus
799 3351 1079 3438 canonicorum,
1101 3347 1323 3423 currendum
1342 3349 1385 3421 ad
1406 3363 1519 3421 cartas
1540 3362 1578 3421 et
1597 3345 1641 3419 ad
1664 3372 1723 3421 res

323 3470 472 3545 redivivi
490 3471 648 3560 ordinis,
666 3472 933 3549 monachorum
951 3472 1087 3546 scilicet
1107 3473 1171 3574 qui
1195 3471 1263 3544 sub
1280 3469 1478 3545 venerabili
1496 3467 1722 3572 Ragcnfredo

322 3594 492 3694 episcopo
508 3594 696 3670 reformati
713 3609 800 3667 sunt
818 3596 857 3666 in
870 3592 1042 3667 coenobio
1057 3594 1178 3666 Sancti
1193 3583 1327 3696 Petri]

780 3854 1129 3948 CAPITULUM
1161 3857 1264 3947 VII.

592 4057 636 4116 De
650 4056 735 4115 rebus
751 4055 870 4115 fratrum
885 4057 1052 4116 monasterii
1065 4056 1162 4116 Sancti
1178 4056 1256 4116 Petri
1272 4054 1467 4118 Carnotensis.

721 4236 766 4296 De
781 4234 974 4317 atheisjuxta
987 4239 1102 4295 vineam
1118 4235 1318 4318 episcopalem.

377 4444 406 4486 1.
420 4414 549 4486 Priscis
563 4414 801 4514 temporibus,
816 4418 899 4518 quia
914 4443 997 4492 raro
1013 4413 1215 4488 habebatur
1228 4416 1395 4489 Garnotis
1413 4441 1496 4487 usus
1510 4417 1718 4506 vinearum,

317 4541 422 4636 juxta
439 4539 582 4610 vineam
603 4539 843 4639 episcopalem
864 4538 994 4614 fratres
1015 4539 1198 4612 habebant
1214 4537 1470 4614 tantummodo
1487 4557 1561 4613 tres
1576 4539 1723 4640 aripen-

323 4684 390 4734 nos
407 4660 540 4749 vineae,
556 4657 623 4732 sibi
641 4660 741 4737 datos
758 4691 776 4736 a
793 4661 950 4763 quodam
966 4663 1151 4738 Bernoino
1166 4662 1316 4735 nomine
1329 4677 1355 4735 ².

365 4865 374 4891 ¹
399 4855 471 4930 Quae
494 4859 576 4918 uncis
606 4861 716 4922 inclusa
744 4862 803 4921 solo
824 4863 853 4922 in
868 4862 1004 4922 codiccB
1081 4861 1199 4920 ²Addit
1221 4858 1286 4919 cod.
1307 4859 1330 4919 B
1351 4858 1539 4943 :dequibus
1562 4862 1593 4918 εἰ
1610 4873 1720 4920 cartam

326 4954 475 5034 leguntur.
1039 4960 1228 5032 invenissem,
1244 4956 1364 5016 scribere
1375 4979 1430 5015 non
1438 4957 1594 5039 piguisset.
