4462 6120
736 699 1196 883 POUILLE

396 1011 504 1126 nu
549 977 886 1130 urccdsa
926 1015 1027 1129 aa
1067 1014 1542 1135 CHARTRES¹.

239 1564 523 1652 annuncia
553 1565 915 1653 Paauuauru
946 1568 1019 1656 au
1048 1569 1438 1660 cottarlcuau
1469 1504 1712 1662 nuscum

777 1757 1163 1848 cunuctausts.
1192 1701 1196 1709 ⁵

220 1998 261 2068 iu
280 1968 423 2068 ecclesia
442 1993 653 2067 carnotensi
671 2025 679 2065 :
701 2019 798 2068 txxu
816 1995 998 2092 prebende
1018 1996 1171 2096 integre.
1187 1998 1279 2069 Item
1296 2012 1382 2069 11110'
1400 1996 1559 2086 dimidie,
1579 2014 1615 2069 et
1626 2023 1694 2069 una
1712 2023 1781 2095 que

171 2132 303 2206 dicitur
318 2132 471 2229 Spiritus
485 2131 603 2203 Sancti
616 2141 645 2220 ’ς
664 2156 734 2230 que
752 2130 858 2202 habet
875 2133 1021 2204 terciam
1037 2148 1177 2230 partem
1191 2133 1385 2206 fructuum.

218 2269 309 2340 Item
327 2291 388 2339 xvt
407 2282 627 2364 personatus.

219 2406 415 2477 Decanatus
432 2403 603 2476 Blesensis
616 2406 642 2473 ³.

220 2540 417 2612 Decanatus
437 2537 638 2611 Castriduni
652 2541 678 2609 ⁴.

220 2677 416 2749 Decanatus
433 2675 551 2748 Sancti
570 2673 713 2748 Andree
729 2677 955 2750 Carnotensis
969 2679 995 2747 ⁵.

220 2815 261 2884 ln
279 2810 372 2884 dicta
390 2812 534 2884 ecclesia
549 2827 632 2884 sunt
648 2810 771 2885 decem
784 2812 966 2911 prebende
983 2814 1096 2887 libere
1112 2831 1148 2887 et
1163 2813 1232 2886 due
1248 2815 1406 2886 dimidie.

219 2951 311 3023 Item
327 2947 568 3020 matricularia
585 2946 740 3047 ejusdem
760 2949 904 3022 ecclesie
921 2950 1015 3023 valet
1031 2976 1082 3021 xu
1102 2950 1223 3023 libras.

220 3087 260 3157 ln
274 3083 417 3158 ecclesia
435 3083 552 3155 Sancti
571 3083 734 3156 Mauricii
753 3084 1006 3156 carnotensis6
1027 3111 1063 3158 rx
1080 3086 1260 3184 prebende
1281 3088 1391 3161 libem
1411 3120 1419 3159 :
1442 3087 1605 3162 videlicet
1622 3090 1780 3189 quinque

176 3223 311 3319 integre
327 3236 363 3293 et
380 3235 534 3319 ‹matuor
550 3217 695 3291 dimidie
709 3236 745 3291 et
762 3221 946 3318 capiceria.

216 3360 261 3431 lu
279 3357 423 3431 ecclesia
441 3356 559 3429 Sancti
578 3356 709 3428 Aniani
725 3372 733 3405 ⁷
755 3382 806 3430 vn
824 3357 1017 3456 prebende.

643 3618 878 3695 ECCLESIE
903 3618 1305 3694 PARROCHIALES:

568 3812 656 3851 eutition
666 3811 702 3852 des
711 3813 772 3851 lieux.

212 3888 273 3928 Ιοω
281 3887 371 3928 aneinu.
480 3885 644 3924 Archidieeoce's.
740 3886 851 3936 Doyeune'r.
980 3888 1042 3926 unns
1051 3887 1161 3926 moderna.
1275 3889 1391 3928 cottum.
1556 3889 1637 3926 reiron
1645 3886 1680 3926 des
1689 3888 1767 3939 eglise..

174 3962 199 4015 S.
223 3960 325 4030 Auiani
347 3959 413 4015 Car·
873 3991 878 4001 ·
917 3958 1227 4029 St.-Aignan·de·Char-
1264 3961 1408 4031 L'eveque.
1574 3962 1613 4014 st.
1626 3962 1743 4031 aignan.

207 4051 341 4106 rotensis.
949 4056 1014 4104 trec.
1170 4077 1177 4091 ·

174 4138 330 4197 Ballclium.
448 4136 635 4193 Granddreh.
718 4128 858 4209 Eperncn.
912 4137 1060 4194 Bailleau·
1076 4129 1217 4210 l'Eveque.
1362 4139 1405 4191 Id.
1570 4130 1750 4194 St-Etienne.

174 4231 328 4287 Bercherie.
536 4230 581 4284 lt.
722 4229 849 4283 Auneau.
916 4219 1220 4299 Berchdreel‘E'veque.
1364 4229 1408 4281 Id.
1568 4228 1760 4291 Neue-Deme.

173 4321 345 4378 Fresneium.
449 4318 635 4376 Grandarch.
719 4317 878 4375 ltochefort.
916 4320 1037 4375 Fresnei.
1259 4320 1403 4388 L'eveque.
1570 4321 1609 4372 St.
1624 4319 1778 4390 teau-Bap-

1606 4411 1678 4463 uste.

210 4599 270 4650 'Ge
288 4597 390 4664 pouiild
408 4607 445 4648 est
465 4598 515 4648 tire
532 4596 594 4647 d'un
612 4595 756 4646 manuscrit
772 4595 804 4644 de
819 4595 844 4646 lu
860 4597 962 4647 Biblio·
995 4595 1058 4648 ville
1069 4595 1242 4655 deChartres,
1252 4604 1278 4645 et
1289 4593 1326 4644 Μ.
1341 4593 1373 4644 de
1385 4594 1422 4643 La
1433 4594 1567 4659 sausseye,
1578 4592 1780 4644 bibliothdcaire

175 4667 269 4753 ibitque
282 4681 398 4751 coyata,
410 4681 469 4733 cute
482 4681 554 4734 Cart.
569 4684 614 4742 43,
626 4690 652 4733 et
664 4679 726 4731 d’un
739 4681 884 4732 manuscrit
899 4681 966 4733 dela
1001 4681 1034 4732 de
1048 4681 1073 4731 la
1087 4680 1149 4732 viiie
1160 4679 1194 4731 de
1206 4679 1284 4730 Binis.

175 4767 357 4835 uictimaeque
370 4766 403 4818 de
416 4765 540 4818 Chartrea
556 4782 640 4818 couuu
655 4782 714 4816 acus
726 4763 751 4816 lc
767 4782 828 4823 nom
841 4764 874 4816 de
886 4765 962 4819 tem
1027 4772 1037 4795 ⁸
1052 4765 1091 4816 La
1105 4763 1237 4831 prebende
1254 4763 1288 4813 du
1304 4762 1490 4825 saint-Esprit.

128 4876 132 4881 ·
173 4851 256 4904 trum
263 4849 302 4914 ,·il
313 4851 400 4918 par-att
408 4851 484 4902 avoir
493 4851 534 4902 etc
547 4849 706 4917 redigemus
717 4847 743 4900 la
754 4847 861 4900 seconde
872 4849 963 4901 moitie
1029 4852 1038 4882 ³
1050 4849 1176 4917 Doycnnd
1188 4847 1221 4900 de
1231 4847 1309 4899 Biois·

174 4936 210 4988 du
224 4947 286 4986 xm·
300 4935 387 4987 sidric.
403 4935 478 4988 Nous
488 4936 513 4986 le
526 4934 649 5002 publicus
658 4922 722 4986 avec
734 4949 784 4984 une
794 4932 961 5002 synonymie,
1028 4935 1039 4969 ⁴
1052 4933 1179 5002 Dcyenud
1188 4932 1221 4983 de
1231 4930 1411 4984 Chdteaudun.

174 5037 241 5087 pour
250 5019 288 5071 icc
300 5036 375 5071 noma
383 5018 416 5071 de
426 5018 512 5081 lieux,
527 5019 575 5086 qui
583 5036 598 5070 a
607 5018 648 5070 dte
657 5017 720 5070 saite
730 5034 777 5084 par
786 5015 825 5066 Μ.
838 5018 907 5085 Aug.
923 5016 960 5068 Le
1027 5020 1036 5050 ⁸
1048 5020 1174 5088 Doyeund
1186 5018 1222 5070 du
1233 5016 1353 5084 chapitre
1364 5016 1397 5066 de
1408 5014 1591 5068 Sciat-Andre
1605 5014 1638 5065 de
1647 5013 1779 5087 Chartrer.

174 5107 297 5172 Prcvcat,
317 5118 345 5161 ct
361 5108 505 5176 compluto
524 5125 558 5160 cu
573 5124 668 5175 moyen
682 5105 727 5158 dea
745 5105 963 5174 rensugnemenu
1028 5101 1264 5157 ‘saint-Maurice
1274 5099 1307 5151 de
1317 5099 1449 5151 Chartrea.

175 5193 267 5260 qu'cut
282 5191 344 5246 bien
355 5191 435 5245 voulu
444 5210 508 5245 noua
519 5192 620 5244 soumir
629 5190 668 5242 Μ.
680 5189 795 5250 Chaales,
808 5193 890 5244 maire
900 5189 966 5243 dela
1034 5187 1245 5254 ’Satur-aignan
1258 5184 1290 5237 de
1302 5183 1433 5236 chartres.

1557 5294 1613 5368 ΡΡ
