4426 6120
822 718 919 796 DES'
934 714 1218 793 PERSONNES.

873 967 1020 1020 uolutus
1036 964 1179 1016 Ptuuufl.

390 1142 456 1223 30.
488 1141 555 1220 On
580 1136 669 1218 doit
697 1151 839 1214 mettre
864 1132 969 1211 aussi
995 1127 1094 1208 dane
1121 1127 1159 1206 la
1184 1125 1304 1205 classe
1329 1122 1398 1204 deo
1425 1123 1545 1202 libres
1571 1122 1627 1202 les
1646 1123 1719 1201 bo-

335 1286 456 1362 mines
472 1278 641 1388 plebeii,
667 1275 738 1384 qui
766 1271 939 1379 figurent
959 1265 1062 1346 dans
1088 1263 1284 1344 decertes
1307 1260 1361 1342 du
1385 1279 1721 1341 commencement

335 1421 389 1500 du
408 1432 480 1499 ¹11⁸
497 1415 624 1496 siecle.
642 1413 743 1491 L’un
758 1409 893 1505 d'eun,
915 1404 1073 1486 nomme
1093 1400 1295 1499 Rainsud,
1318 1399 1452 1481 donno
1476 1427 1554 1480 arun
1569 1403 1722 1480 moines

336 1556 386 1637 de
399 1555 645 1649 Saint-Pere,
656 1578 760 1659 pour
776 1578 817 1629 se
830 1548 930 1627 faire
947 1546 1123 1624 reoevoir
1138 1540 1238 1621 dans
1252 1541 1338 1622 leur
1352 1539 1661 1647 congregation,
1680 1562 1720 1617 sa

336 1817 459 1877 habeant
488 1815 580 1876 donec
604 1812 787 1873 medictatem
821 1827 946 1892 expense
976 1805 1012 1866 de
1049 1802 1253 1864 castridunum
1267 1802 1361 1864 velud
1376 1802 1573 1865 Vindocinum
1588 1807 1661 1866 infra
1673 1807 1726 1866 Li·

336 1927 433 1974 nostro
448 1915 564 1994 proprio
578 1912 618 1970 eis
632 1908 829 1970 reformemus.
850 1906 894 1967 td
907 1904 1014 1964 molen·
1049 1900 1138 1973 dum,
1155 1900 1201 1960 vel
1222 1899 1259 1959 ad
1275 1899 1405 1961 Mentem
1418 1902 1608 1977 Dublellum,
1627 1906 1673 1966 vel
1688 1906 1727 1965 ad

337 2013 405 2073 dina
419 2032 476 2092 que
485 2011 529 2070 ibi
539 2010 610 2070 {ient
624 2007 732 2068 molent
746 2007 890 2088 hospites,
909 2022 1015 2085 quanm
1049 1997 1288 2072 Mummiralium,
1300 1998 1349 2058 ’vei
1360 1997 1398 2059 ad
1408 1997 1555 2061 bractam.
1568 2000 1613 2062 ud
1625 2002 1725 2063 eadem

337 2108 388 2172 diu
409 2120 561 2191 poterunt,
589 2118 768 2167 comantem
786 2126 845 2165 non
862 2113 1015 2184 poterant,
1048 2098 1126 2168 loca,
1147 2117 1241 2156 meam
1260 2108 1369 2176 partem
1384 2116 1499 2159 annone
1512 2099 1642 2178 ejusdcm
1656 2121 1727 2182 prc—

338 2205 451 2266 molent
472 2206 510 2266 ad
530 2225 594 2263 mea
618 2201 801 2275 molendina,
824 2199 958 2260 videlieet
979 2195 1016 2256 nal
1050 2193 1107 2254 fate
1126 2206 1201 2254 terre
1218 2193 1347 2256 deferent
1364 2196 1388 2255 si
1404 2196 1540 2271 voluero,
1562 2219 1617 2258 nec
1637 2199 1724 2260 ultra.

336 2302 534 2364 molendinum
551 2301 713 2374 Faucium,
726 2299 772 2360 rel
792 2298 829 2358 ad
849 2295 1015 2358 molendino
1051 2284 1179 2350 Ecclesia
1194 2310 1263 2349 vero
1277 2304 1306 2350 et
1319 2291 1416 2351 omnia
1429 2292 1634 2372 pamocbialin,
1649 2296 1727 2355 obla·

338 2400 502 2474 Curtahni,
519 2413 547 2459 et
564 2399 605 2459 ibi
617 2397 812 2480 expectabunt
831 2414 882 2476 per
897 2394 975 2454 diem
989 2403 1017 2452 et
1050 2389 1145 2448 tiones
1168 2387 1278 2447 sciticct
1298 2401 1328 2448 ot
1350 2391 1499 2471 primicie,
1524 2394 1728 2453 canonicorum

339 2509 467 2568 noctem,
487 2507 517 2554 et
535 2496 557 2553 si
578 2507 647 2554 tunc
664 2516 723 2553 uon
739 2503 875 2575 poterunt
888 2490 1015 2561 moleie‚
1052 2498 1120 2544 sunt
1142 2488 1269 2567 proprie·
1292 2486 1389 2566 Major
1415 2509 1483 2549 vero
1504 2490 1633 2567 ejusaem
1655 2505 1729 2553 tame

339 2603 405 2650 eant
417 2612 475 2671 quo
487 2589 641 2650 voluerint.
656 2588 685 2648 si
701 2601 797 2649 antem
811 2587 915 2667 aliquis
930 2607 1018 2646 occu·
1052 2583 1106 2640 erit
1119 2603 1199 2641 meus
1212 2582 1298 2666 ligius
1316 2597 1344 2644 et
1361 2585 1515 2646 heredibus
1529 2590 1600 2649 meis
1616 2590 1652 2649 de
1664 2612 1730 2652 meo

339 2685 596 2747 sabiturdenoita
608 2682 781 2756 iorisccisse,
798 2692 901 2763 purget
914 2701 945 2740 ae
956 2680 1017 2739 sola
1053 2677 1152 2753 sendo,
1175 2692 1203 2740 et
1221 2681 1382 2764 eritiigius
1396 2686 1601 2746 canonicorum
1623 2682 1659 2747 de
1679 2709 1730 2747 suo

339 2805 428 2843 menn
442 2804 538 2843 coram
559 2782 668 2860 majore
683 2793 758 2840 terre
777 2792 806 2839 et
825 2781 862 2838 sit
883 2779 1014 2859 quietus,
1054 2776 1155 2850 feodo,
1168 2779 1248 2838 salva
1262 2777 1400 2841 fidelitate
1410 2803 1485 2843 mea.
1501 2784 1560 2859 Qui
1571 2788 1663 2864 unior
1676 2806 1731 2845 nu-

338 2879 459 2962 quodsi
482 2880 607 2940 noluerit
625 2891 674 2939 aut
696 2901 755 2938 non
776 2879 898 2960 poterit,
919 2874 1020 2935 reddat
1055 2874 1177 2935 merabit
1196 2876 1225 2934 in
1241 2891 1371 2958 augusto.
1395 2879 1505 2940 Ponent
1525 2893 1621 2943 tamen
1642 2905 1731 2946 cano·

341 2977 485 3060 duplicem
505 2978 622 3038 moltam
644 2988 768 3036 tantum.
790 2972 1021 3034 molendinarius
1056 2973 1134 3046 uici,
1158 2974 1181 3033 si
1210 2974 1369 3050 voluerint,
1396 2976 1533 3038 famulum
1552 3002 1652 3056 suum,
1680 2985 1732 3064 qui

341 3090 437 3138 tamen
448 3076 557 3157 jurabit
566 3073 647 3157 quod
657 3095 716 3137 non
729 3073 873 3135 deiocabit
888 3093 952 3148 eos,
967 3090 1021 3132 nec
1057 3068 1196 3130 custodiet
1210 3085 1257 3131 r'es
1272 3092 1352 3147 snos,
1367 3073 1484 3154 qnando
1494 3075 1587 3156 major
1599 3099 1733 3139 numera.

341 3177 463 3236 scienter
490 3176 598 3253 injuste
621 3171 764 3232 tractabit.
786 3171 926 3232 Homines
946 3170 1022 3248 ejus-
1055 3170 1141 3228 bitin
1157 3171 1234 3252 agris
1249 3184 1278 3231 et
1293 3173 1323 3231 in
1339 3175 1476 3257 grangia5
1497 3189 1526 3236 et
1546 3198 1601 3259 ego
1614 3197 1730 3252 meuru,

343 3271 408 3333 dem
426 3284 501 3331 terre
519 3271 673 3353 pedagium
691 3269 780 3329 micbi
799 3268 920 3330 reddent
941 3287 1021 3327 more
1056 3277 1084 3325 et
1106 3265 1225 3327 beredcs
1246 3269 1322 3341 mei,
1344 3273 1368 3330 si
1391 3271 1577 3335 voluerimus.
1604 3273 1731 3334 Feodum

343 3369 475 3429 aiiom.
487 3367 517 3428 Si
532 3381 629 3428 tamen
641 3368 793 3449 contigerit
805 3364 961 3428 emendare
970 3384 1024 3446 pro
1057 3365 1175 3443 majoris
1194 3377 1237 3426 est
1262 3363 1375 3449 farrago
1397 3368 1434 3429 de
1454 3372 1589 3452 grangia,
1610 3384 1731 3430 terreata

343 3488 403 3527 uno
413 3464 556 3540 forifacto,
569 3487 627 3524 non
640 3485 759 3547 possm
771 3463 1025 3546 plusquamquin·
1059 3485 1174 3524 annone
1194 3476 1259 3544 post
1279 3465 1376 3545 polana
1394 3478 1423 3527 et
1443 3466 1536 3527 cande
1552 3484 1733 3528 annonarum

343 3584 401 3644 que
418 3560 526 3622 solidos
545 3563 687 3643 accipere.
709 3561 739 3622 Si
759 3575 855 3622 autem
874 3573 1024 3621 accusatus
1059 3562 1133 3622 bene
1148 3564 1364 3643 exquisitarum.
1382 3565 1424 3625 De
1435 3586 1609 3655 unoquoque
1621 3565 1734 3648 bospite

344 3660 413 3722 inde
425 3661 547 3721 roiuerit
561 3682 591 3720 se
603 3681 726 3742 purgare
741 3672 842 3740 quarta
859 3681 966 3731 manu,
983 3657 1024 3717 li·
1058 3661 1107 3739 qui
1122 3659 1280 3719 lucrabitur
1292 3661 1384 3721 bobus
1399 3683 1458 3722 non
1476 3661 1568 3744 bove,
1585 3663 1663 3723 mino
1678 3686 1734 3722 an-

344 3758 439 3832 cebit,
454 3770 483 3816 et
496 3758 549 3817 boc
563 3756 731 3829 Curtalaui,
750 3777 804 3816 nec
815 3757 894 3816 alibi.
911 3755 1023 3815 Jurabit
1059 3777 1151 3829 uone;
1164 3758 1201 3819 de
1211 3758 1274 3818 aliis
1284 3758 1413 3820 dimidia.
1424 3759 1553 3821 Stramen
1565 3762 1683 3845 grangie
1694 3782 1737 3820 re·

344 3866 440 3914 autem
451 3854 618 3937 pedagiator
631 3855 705 3914 sicut
716 3854 944 3915 molendinarius
955 3876 1024 3936 quo·
1059 3869 1157 3915 manet
1180 3855 1251 3916 mibi
1276 3870 1304 3918 et
1325 3859 1483 3919 canonicis.
1516 3860 1560 3919 De
1582 3862 1636 3920 isto
1652 3859 1736 3920 feodo

345 3953 549 4034 cienseumque
584 3953 761 4027 mutabitur,
795 3952 875 4034 quod
910 3953 1024 4013 nullum
1059 3964 1179 4015 teneta
1207 3976 1253 4016 me
1278 3953 1460 4016 medietatem
1488 3970 1517 4017 et
1544 3980 1561 4016 a
1589 3958 1736 4017 canonicis
1763 4025 1766 4032 1

345 4051 470 4111 scienter
489 4049 635 4112 accusabit
654 4051 772 4130 injuste.
796 4046 907 4111 Talleia
929 4073 1026 4134 supra·
1060 4051 1157 4114 aliam.
1173 4048 1217 4112 De
1227 4051 1387 4133 hospitibus
1398 4067 1426 4115 et
1437 4075 1535 4114 eornm
1549 4054 1737 4135 hospitaliriis

346 4159 502 4208 memorata
513 4148 553 4207 sic
565 4147 624 4208 fiet.
639 4147 750 4224 Quarto
760 4168 837 4208 nnno
847 4148 1025 4210 submonebo
1059 4163 1151 4211 totum
1166 4171 1183 4211 a
1196 4151 1343 4210 canonicis
1357 4149 1490 4231 feodum,
1504 4150 1578 4212 sicut
1591 4151 1738 4232 supradic-

347 4246 499 4306 canonicos
520 4265 572 4326 per
592 4246 731 4325 majorem
753 4246 882 4325 ejusdem
899 4246 980 4321 ville,
997 4259 1025 4307 et
1060 4263 1121 4310 tum
1139 4261 1192 4308 est.
1209 4248 1337 4332 Grangia
1357 4252 1505 4311 communi
1524 4272 1650 4332 upensa
1672 4249 1736 4321 fiet,

347 4341 454 4403 facient
479 4342 608 4402 talleiam
635 4345 871 4423 convenientem,
902 4344 939 4404 de
968 4367 1025 4426 qua
1061 4361 1089 4407 et
1108 4351 1220 4407 tritores
1242 4348 1432 4407 communiter
1449 4369 1606 4430 ponemus,
1633 4370 1686 4431 ego
1709 4361 1737 4406 et

347 4439 459 4501 habebo
472 4439 674 4516 merbetmn,
694 4453 723 4500 et
737 4441 795 4522 ipsi
813 4443 908 4502 aliam.
931 4441 1025 4502 Aliam
1061 4442 1179 4504 heredes
1215 4445 1272 4504 mei
1310 4444 1510 4520 medietatem,
1544 4459 1574 4506 et
1607 4445 1737 4505 canonici
1784 4442 1788 4453 '

348 4538 473 4600 talleiam
490 4559 549 4600 non
563 4539 669 4601 facient
683 4561 737 4621 pro
749 4558 796 4601 me
812 4561 867 4602 nec
880 4563 933 4622 pro
948 4540 1027 4604 bere·
1062 4543 1165 4617 uliam,
1182 4544 1234 4625 qni
1253 4541 1358 4605 facient
1378 4544 1461 4605 nobis
1480 4544 1655 4606 fidelitatem.
1675 4542 1738 4625 Ego

349 4634 433 4696 dibus
449 4640 539 4712 meis,
555 4637 611 4697 nisi
629 4637 790 4717 voluerint,
805 4660 859 4699 nec
873 4641 959 4699 etiarn
974 4661 1027 4722 pro
1063 4641 1166 4724 Hugo,
1197 4639 1361 4702 Castriduni
1387 4644 1562 4716 vicecomes,
1592 4642 1628 4702 ‹le
1655 4642 1739 4720 cujus

349 4733 547 4816 redemptione
565 4736 693 4816 eorporis
710 4738 779 4796 mei.
798 4734 1027 4812 Quocienscum-
1062 4735 1147 4797 feodo
1168 4750 1211 4798 est
1231 4736 1351 4798 Gaudus
1371 4738 1467 4801 Sancti
1485 4737 1642 4820 Stepbcni,
1662 4737 1739 4798 istud

349 4852 405 4912 que
427 4853 495 4893 vero
516 4834 571 4916 ipsi
596 4835 723 4895 talieiam
745 4835 881 4912 iecerint,
906 4835 1026 4897 dimidia
1063 4836 1180 4896 domurn
1195 4835 1388 4898 concedo.....
1402 4863 1416 4890 o
1434 4835 1567 4897 Cbortul.
1579 4836 1647 4896 ecel.
1663 4835 1739 4895 car-

350 4929 404 4987 crit
427 4927 503 4989 mei.
525 4930 714 5005 Quarturium
739 4952 808 4992 voro
830 4933 1026 5014 supradictum
1063 4948 1137 5006 not„
1155 4956 1186 5014 p.
1208 4937 1249 4996 80
1268 4955 1324 5007 εις
1342 4957 1397 4995 ms.
1418 4936 1453 4996 de
1470 4935 1497 4996 la
1515 4933 1592 4997 Bibl.
1613 4933 1653 4994 du
1665 4932 1736 5012 ttoi,

351 5046 409 5085 non
426 5028 538 5089 mittam
553 5029 608 5090 nisi
624 5049 724 5090 securo
741 5029 821 5105 loco,
842 5030 975 5092 videlicet
989 5031 1026 5092 ad
1064 5033 1127 5093 coti
1144 5033 1226 5094 Cart.
1242 5034 1293 5094 28.
