4462 6120
447 709 515 778 150
964 699 1313 779 MONASTERIUM

443 874 497 929 est
513 852 704 931 vocitatus.
726 850 797 944 Qui
815 876 900 927 cum
916 849 993 927 zelo
1005 850 1123 926 deifici
1139 852 1273 929 amoris
1290 864 1464 938 estuaret,
1480 846 1743 949 premeditabat
1755 846 1837 925 fieri

443 978 573 1080 quovis
590 1001 741 1051 suorum
758 972 970 1074 prediorum
990 975 1187 1049 eccclesiam
1207 976 1245 1049 in
1269 974 1411 1050 honore
1432 973 1631 1074 cujuspiam
1650 972 1839 1070 martyris,

444 1103 471 1174 si
486 1100 584 1176 forte
599 1114 719 1198 posset
731 1096 876 1172 aliunde
890 1097 1036 1196 adipisci
1050 1098 1220 1200 reliquias
1237 1097 1333 1170 illius
1352 1100 1462 1198 ipsius
1478 1097 1659 1196 martyris.
1680 1098 1848 1196 Cumque

446 1228 553 1323 super
570 1220 636 1294 hac
656 1247 696 1297 re
714 1219 857 1298 hereret
874 1221 1017 1308 animo,
1041 1248 1060 1293 a
1081 1221 1207 1299 multis
1223 1219 1362 1298 audivit
1379 1220 1510 1295 urbem
1528 1219 1751 1311 Romanam,
1769 1243 1844 1317 pras

447 1346 574 1421 ceteris
597 1342 769 1432 urbibus,
795 1343 1118 1421 innumerabilium
1131 1341 1578 1444 <martyrum1corporibus
1595 1339 1681 1421 fore.
1695 1339 1847 1416 decora-

447 1487 533 1542 tam.
552 1468 656 1556 Illuc,
672 1468 749 1541 sine
762 1495 879 1557 mora,
898 1494 1014 1542 unum
1028 1494 1071 1541 ex
1086 1466 1252 1543 fidelibus
1269 1469 1355 1558 suis,
1375 1469 1525 1547 nomine
1538 1463 1719 1553 Maurum,
1736 1463 1847 1540 chris.

449 1592 687 1669 tianissimum
704 1606 744 1662 ct
757 1590 959 1690 simplicem
984 1591 1127 1677 virum,
1149 1591 1268 1684 misit,
1296 1607 1339 1663 ut
1365 1591 1496 1692 quovis
1520 1588 1632 1672 modo
1656 1585 1849 1687 cuiuslibet

448 1715 616 1812 martyris
631 1730 767 1792 somata
790 1712 872 1787 inde
893 1712 1122 1803 transferret,
1141 1714 1212 1808 Qui
1231 1739 1314 1788 cum
1332 1715 1487 1791 Romam
1503 1713 1677 1800 venisset,
1697 1711 1766 1784 trin
1782 1734 1848 1809 per

449 1839 534 1911 anni
554 1854 715 1936 tempora
735 1836 785 1909 ibi
810 1853 1062 1927 conversatus,
1088 1836 1179 1912 nulli
1203 1854 1381 1914 secretum
1405 1837 1457 1909 sui
1483 1836 1641 1936 pectoris
1658 1832 1847 1934 patefecit,

450 1986 568 2062 neque
594 1959 713 2034 solum
737 1984 802 2059 per
826 1986 862 2034 se
889 1958 1109 2034 desiderium
1134 1961 1260 2037 domui
1284 1961 1337 2033 sui
1365 1961 1508 2061 explere
1529 1961 1662 2061 quivit.
1685 1959 1852 2058 Cumque

451 2088 548 2162 intra
567 2111 603 2157 se
625 2085 764 2157 anxiari
788 2085 956 2184 cepisset,
977 2099 1013 2158 et
1034 2102 1174 2160 sumtus
1192 2091 1429 2184 pecuniarum
1441 2087 1517 2183 jam
1534 2108 1626 2182 pene
1643 2080 1848 2166 defecisset,

451 2209 611 2306 dumque
635 2208 705 2278 iter
726 2205 771 2279 ad
792 2209 943 2305 patriam
964 2221 1130 2307 repetere
1146 2225 1366 2295 maturaret,
1388 2206 1518 2306 hospes
1535 2208 1611 2304 ejus
1625 2202 1853 2278 animadver-

452 2351 531 2406 tens
547 2331 710 2405 animum
730 2330 839 2427 ipsius
857 2331 1007 2406 insolito
1025 2346 1213 2428 egrotum,
1239 2357 1380 2403 causam
1400 2328 1640 2429 egrotationis
1659 2327 1854 2428 diligenter

456 2455 630 2555 inquirit,
651 2469 688 2526 et
705 2453 890 2527 iuventam
914 2453 1038 2525 amisse
1060 2452 1321 2528 consolationis
1344 2450 1582 2526 medicamine
1606 2451 1720 2540 fovit,
1746 2456 1856 2552 atque

453 2603 562 2653 omne
580 2576 701 2648 auxilii
721 2574 851 2663 robur,
869 2590 911 2646 nt
928 2577 1045 2649 amico
1062 2572 1213 2674 hospiti,
1234 2572 1426 2674 impendit.
1445 2574 1516 2667 Qui
1530 2601 1550 2647 a
1564 2560 1724 2675 quodam
1739 2572 1856 2647 archi·

453 2697 633 2772 mandrita
660 2697 756 2769 beati
786 2698 941 2771 Romani
969 2698 1137 2794 martyris
1163 2722 1285 2770 emens
1313 2713 1478 2771 actutum
1501 2694 1704 2772 venerabile
1725 2710 1851 2794 caput,

455 2841 557 2895 caute
577 2824 612 2894 in
633 2819 841 2921 psistarchia
860 2822 1042 2921 peregrini
1062 2819 1214 2919 hospitis
1233 2837 1503 2895 sacrosanctum
1526 2819 1751 2922 thesaurum,
1776 2821 1856 2893 siu-

456 2944 551 3017 done
568 2942 703 3016 munda
722 2942 949 3030 involutum,
975 2968 1058 3015 cum
1079 2942 1241 3042 apicibus
1258 2944 1400 3042 posuit,
1420 2949 1590 3043 pacisque
1606 2943 1731 3017 osculo
1748 2939 1855 3028 dato,

458 3069 569 3143 citato
583 3092 708 3166 gressu
720 3092 803 3139 eum
818 3065 865 3138 ab
878 3064 970 3141 urbe
983 3067 1146 3141 Romanu
1161 3068 1261 3140 exire
1275 3068 1462 3167 praecepit.
1481 3066 1666 3167 Cumque,
1685 3067 1750 3140 Dei
1765 3082 1858 3139 nutu

458 3209 495 3266 et
519 3216 693 3292 prospero
719 3191 868 3279 itinere,
894 3188 938 3264 ad
961 3192 1128 3264 Bruiaum
1151 3192 1275 3263 vicum
1298 3190 1505 3278 deveniret,
1527 3189 1681 3264 Osanem
1704 3189 1859 3263 fluvium

459 3314 656 3398 transiens,
682 3312 889 3412 egritudine
917 3314 1084 3412 corporis
1107 3311 1244 3387 ibidem
1267 3312 1493 3412 detemptus,
1518 3315 1598 3387 Deo
1621 3311 1858 3413 disponente,

460 3436 603 3536 glebam
619 3436 801 3536 corporis,
818 3462 902 3510 eum
917 3436 1085 3510 thesauro
1102 3436 1201 3538 quod
1214 3436 1412 3526 dettderat,
1427 3440 1532 3536 juxta
1546 3438 1726 3537 parietem
1741 3435 1862 3510 oeccle·

461 3561 546 3648 sire,
565 3584 648 3658 quae
666 3575 755 3629 tunc
773 3555 823 3631 ibi
841 3557 981 3646 aderat,
1001 3586 1086 3632 cum
1100 3557 1296 3634 defunctus
1313 3575 1425 3649 esset,
1444 3586 1464 3632 a
1480 3557 1684 3633 christianis
1698 3584 1863 3632 cumma-

463 3679 634 3753 nentibus
651 3679 836 3755 exorando
855 3681 944 3780 poni
969 3683 1156 3782 praecepit.
1177 3687 1303 3784 ltaque
1321 3681 1509 3757 thesaurus
1526 3699 1563 3756 et
1583 3682 1863 3781 tamjncomps-

463 3803 576 3876 rabile
605 3813 740 3876 munus
770 3830 789 3874 a
821 3807 898 3878 Deo
927 3805 1124 3894 collatum,
1156 3833 1223 3908 per
1253 3807 1459 3882 multorum
1487 3832 1670 3881 annorum
1698 3819 1864 3905 tempora

464 3923 641 4013 labentia,
665 3922 877 3999 hominihus
901 3927 1129 4026 incognitum
1151 3931 1302 4017 mansit,
1326 3926 1465 4017 donec,
1491 3928 1720 4027 propiciante
1742 3926 1864 4001 divina

464 4048 677 4134 clementia,
697 4075 716 4120 a
733 4049 920 4123 monachis
938 4051 1153 4150 supradictis
1169 4054 1284 4129 officia
1304 4051 1440 4126 dirinae
1455 4052 1638 4125 servitutis
1657 4050 1747 4126 inibi
1763 4077 1867 4126 oom-

464 4168 671 4268 plerentur,
697 4170 807 4258 etah
833 4174 936 4267 omni
960 4172 1065 4272 plebe
1079 4173 1189 4252 locus
1213 4177 1287 4273 ipse
1314 4172 1466 4248 celebris
1492 4162 1705 4262 haberetur,
1732 4189 1863 4274 atque,

465 4293 731 4371 aucmentando
760 4295 953 4393 paulatim,
988 4287 1096 4396 long'e
1127 4298 1269 4397 lateque
1302 4297 1428 4374 volans
1456 4296 1553 4371 fama
1584 4295 1863 4373 dillunderetum

466 4418 595 4505 Tunc,
612 4418 816 4517 opitulante
832 4419 958 4518 plebe,
977 4424 1112 4519 majora
1124 4422 1298 4522 jacientes
1315 4421 1483 4496 aecclesie
1500 4419 1732 4510 fundamina,
1750 4426 1868 4520 inspe-

467 4556 587 4615 ratum
606 4540 815 4619 thesaurum
838 4544 1073 4644 repperiunt,
1095 4572 1226 4645 corpus
1242 4545 1391 4647 quidem
1410 4543 1555 4645 prelati
1578 4544 1785 4644 peregrini,
1808 4557 1865 4630 et,

463 4665 568 4761 juxta
589 4666 665 4762 ejus
682 4691 834 4766 corpus,
851 4665 1099 4764 psistarchiam
1116 4669 1225 4766 ipsius
1248 4668 1406 4758 illesam,
1425 4681 1535 4766 caput
1552 4664 1867 4765 supramemorati

469 4788 635 4884 martyris
662 4790 929 4862 continentem.
958 4790 1075 4882 Quam
1098 4791 1245 4892 quidam
1272 4790 1382 4867 homo
1406 4792 1598 4865 inmeritus
1622 4817 1706 4863 cum
1729 4817 1749 4863 a
1773 4806 1869 4861 terra

471 4925 605 4984 temere
636 4913 807 4987 voluisset
834 4913 976 5003 levare,
1010 4917 1272 5014 praesuntionis
1299 4943 1373 4995 suae
1402 4941 1550 5016 poeuam
1576 4915 1700 4989 statim
1728 4912 1869 4986 ultione
