4462 6120
542 703 613 769 250
1063 697 1415 774 MONASTERIUM

542 872 706 919 mansum
723 863 830 920 terrae
847 849 994 945 ejusque
1007 845 1305 935 consuetudines,
1328 863 1370 919 nt
1382 846 1551 946 deinceps
1570 846 1618 918 ita
1636 845 1804 920 monachi
1822 847 1936 945 possi-

541 968 650 1044 deant
662 971 754 1041 sicut
766 982 802 1042 et
813 995 880 1042 nos
891 985 1037 1042 actenus
1048 968 1282 1068 possedimus.
1300 971 1529 1043 Decrevimus
1541 995 1687 1070 quoque
1696 1023 1708 1057 ,
1729 983 1792 1057 ut,
1812 970 1840 1041 si
1853 971 1935 1070 quis

542 1107 754 1167 nostrorum
774 1090 818 1163 de
841 1090 948 1164 rebus
969 1118 1056 1192 quas
1076 1090 1120 1164 de
1142 1108 1269 1166 nostro
1288 1081 1465 1165 beneficio
1477 1108 1502 1179 ¹,
1528 1107 1652 1164 sancto
1672 1092 1781 1165 Petro
1799 1091 1935 1193 aliquid

425 1301 432 1310 ‚.
541 1211 625 1284 dare
642 1213 818 1298 voluerit,
844 1212 905 1285 det
926 1212 1153 1301 fiducialiter,
1180 1214 1282 1285 nullo
1300 1213 1553 1301 refruntante,
1574 1214 1667 1285 sicut
1677 1215 1752 1312 jam
1769 1213 1936 1287 fecerunt

541 1334 612 1407 mei
622 1333 743 1407 fideles
755 1333 958 1406 Bernardus
967 1351 1003 1407 et
1013 1336 1202 1435 Rogerius,
1218 1338 1255 1408 in
1265 1335 1420 1436 praefato
1432 1335 1603 1409 coenobio
1613 1334 1780 1409 monachi
1791 1335 1912 1410 effecti
1920 1365 1932 1424 ς

540 1482 700 1556 quorum
717 1459 874 1556 primus,
902 1459 938 1529 iu
964 1457 1047 1532 loco
1063 1458 1125 1559 qui
1141 1475 1292 1532 vocatur
1313 1460 1523 1533 Manseleria
1532 1513 1544 1547 ,
1565 1484 1683 1530 unum
1699 1483 1866 1530 mansum
1887 1460 1935 1530 ita

540 1579 697 1652 liberum
713 1580 812 1653 dedit
827 1597 868 1652 ut
881 1579 924 1652 de
937 1606 996 1653 me
1012 1581 1150 1668 tenuit3
1172 1580 1262 1653 alter
1273 1606 1360 1654 vero
1373 1581 1481 1652 simili
1495 1582 1605 1654 modo
1622 1605 1738 1652 unum
1748 1606 1932 1670 mansum,

540 1725 616 1773 non
631 1701 739 1801 longe
755 1728 773 1772 a
787 1701 924 1800 prefata
939 1702 1096 1774 aecclesia
1111 1728 1219 1801 quam
1236 1701 1413 1775 dedimus.
1428 1702 1536 1775 Dedit
1549 1717 1585 1775 et
1597 1718 1713 1775 mater
1725 1727 1804 1775 mea
1819 1729 1936 1802 nuper

542 1821 753 1895 infirmitate
775 1822 939 1920 detenta,
964 1827 1066 1922 juxta
1096 1824 1291 1896 aecclesiam
1320 1822 1364 1897 de
1389 1824 1547 1911 Buxeto,
1572 1849 1682 1923 quam
1708 1840 1810 1922 pater
1833 1850 1935 1899 meus

542 1945 664 2015 vivens
678 1943 776 2016 dedit
796 1961 919 2017 sancto
938 1946 1066 2027 Petro.
1092 1972 1207 2018 unum
1227 1944 1406 2045 hospitem
1416 1974 1427 2033 ;
1446 1970 1513 2045 ego
1530 1970 1678 2045 quoque
1695 1945 1807 2017 alium
1821 1947 1858 2019 in
1872 1944 1936 2019 de·

541 2065 721 2140 dicatione
741 2068 850 2165 ipsius
862 2069 1043 2141 aecclesiae.
1059 2072 1112 2143 De
1125 2068 1258 2170 quibus
1272 2067 1398 2171 rebus,
1418 2069 1556 2142 domno
1569 2095 1651 2141 meo
1664 2070 1840 2168 Symone,
1859 2071 1935 2144 filio

543 2187 757 2277 Gaucberii,
777 2209 983 2279 aunuente,
1003 2192 1047 2265 de
1062 2196 1161 2290 cujus
1173 2190 1350 2265 beneficio
1364 2189 1440 2264 haec
1452 2193 1573 2265 omnia
1586 2207 1689 2280 sunt,
1708 2188 1827 2265 abbati
1841 2196 1936 2266 Eus—

544 2311 680 2400 tachio,
705 2314 782 2385 vice
803 2315 914 2385 sancti
932 2315 1048 2402 Petri,
1074 2313 1221 2413 publice
1238 2314 1377 2386 donum
1400 2312 1480 2387 dedi
1500 2315 1538 2385 in
1557 2316 1631 2413 ipsa
1652 2315 1808 2389 aecclesia
1826 2343 1935 2416 quam

541 2431 639 2520 dedi;
660 2449 781 2532 postea
795 2437 980 2524 Carnotis,
1001 2435 1103 2508 laude
1121 2453 1332 2510 nostrorum
1346 2435 1531 2523 fidelium,
1549 2437 1689 2507 donum
1706 2462 1814 2535 super
1825 2437 1935 2510 altare

541 2557 652 2627 sancti
678 2557 774 2628 Petri
793 2558 911 2654 posui.
931 2561 1019 2631 Data
1039 2576 1091 2631 est
1118 2557 1195 2630 baec
1219 2575 1315 2630 carta
1333 2584 1431 2631 anno
1449 2555 1494 2629 ab
1514 2559 1763 2632 incarnatione
1785 2560 1934 2634 Domini

540 2677 733 2751 millesimo
750 2678 966 2767 LXXXVl,
988 2680 1187 2753 indictione
1202 2706 1316 2770 nona,
1335 2679 1493 2778 Philippi
1512 2680 1607 2779 regis
1622 2682 1722 2779 regni
1738 2680 1876 2756 XXVI.
1894 2711 1915 2747 »

949 2933 1307 3024 CAPITULUM
1345 2935 1524 3023 XXIV.

957 3185 1001 3242 De
1015 3184 1159 3243 calumnia
1173 3185 1260 3243 saltus
1275 3183 1515 3244 Munticulorum.

445 3438 518 3488 rose.
593 3442 609 3478 a
619 3390 667 3481 'ln
680 3406 952 3483 Domini'nostri
964 3410 1068 3484 lhesu
1078 3409 1211 3483 Christi
1225 3412 1385 3484 nomine·
1402 3414 1480 3510 Ego
1490 3409 1819 3484 Eustachiusabbas
1828 3464 1838 3498 ,
1852 3436 1934 3481 cum

540 3530 891 3604 omnibusfratribus
900 3531 1680 3620 coenobiisanctiPetriCarnotensis,notum
1689 3531 1935 3604 essevolumus

541 3653 680 3736 cunctis
692 3669 824 3725 sanctae
844 3654 909 3726 Dei
925 3655 1094 3726 aecclesiae
1111 3652 1299 3741 fidelibus,
1317 3671 1390 3725 tam
1409 3652 1638 3752 presentibus
1651 3678 1759 3753 quam
1775 3651 1931 3740 futuris,

539 3772 657 3872 quod,
673 3771 837 3846 Huberto
848 3772 978 3846 abbate
988 3773 1085 3846 huuc
1098 3775 1220 3848 locum
1234 3773 1483 3874 gubernante,
1497 3774 1606 3845 saltus
1621 3772 1930 3858 Munticulorum,

541 3920 624 3965 cum
646 3893 815 3968 omnibus
833 3895 1053 3993 appendiciis
1071 3897 1162 3983 suis,
1182 3924 1247 3995 per
1262 3923 1404 3969 assensu
1424 3896 1659 3969 dominorum
1676 3895 1719 3966 ad
1737 3897 1829 3994 q'uos
1843 3920 1933 3994 per·
2042 3899 2045 3903 ’

543 4014 697 4102 tinebat,
713 4016 751 4086 in
762 4013 884 4088 usibus
895 4016 1065 4103 fratrum,
1081 4017 1297 4090 aGualterio
1312 4034 1487 4116 trapezeta
1499 4034 1623 4090 sancto
1632 4020 1740 4090 Petro
1750 4032 1803 4090 est
1814 4014 1930 4103 datus,

540 4151 576 4208 et
592 4163 610 4208 a
628 4135 800 4208 fratribus
824 4138 899 4210 fere
918 4165 981 4235 per
1004 4139 1075 4210 XV
1098 4133 1211 4212 unitos
1229 4154 1282 4212 est
1299 4165 1476 4238 possessus
1495 4140 1571 4210 sine
1589 4137 1767 4209 calunnia.
1788 4136 1930 4209 Nostris

540 4283 626 4330 vero
644 4259 885 4355 temporibus,
904 4260 1050 4359 quidam
1068 4261 1293 4347 adolescens,
1314 4262 1509 4333 Mainerius
1527 4259 1695 4346 nomine,
1717 4258 1811 4330 filius
1831 4256 1930 4330 vide-

539 4379 623 4452 licet
642 4378 863 4467 Germundi,
885 4381 928 4454 de
946 4386 1045 4481 cujus
1061 4383 1238 4458 beneficio
1254 4384 1425 4484 praesatus
1439 4384 1547 4455 saltus
1559 4381 1697 4480 fuerat,
1717 4381 1831 4479 eoepit
1847 4381 1931 4478 qui-

539 4503 621 4575 dem
645 4518 727 4601 post
751 4519 907 4577 mortem
933 4507 1042 4603 patris
1068 4507 1267 4579 calunniari
1297 4533 1394 4579 eum.
1424 4508 1532 4604 Cujus
1559 4505 1702 4577 tandem
1726 4501 1930 4575 calunniam

539 4627 757 4698 extinximus
772 4626 882 4700 XXV
896 4628 1019 4701 solidis
1041 4656 1274 4705 nummorum
1289 4628 1357 4702 sibi
1375 4628 1466 4701 datis
1485 4645 1521 4702 et
1534 4619 1761 4701 orationibus
1774 4623 1931 4696 fratrum

584 4881 590 4907 ¹
612 4873 853 4949 Praetermissum,
868 4889 952 4938 tenet.
