4462 6120
670 702 707 775 S.
728 702 870 775 PETRI
896 701 1232 776 CARNOTENSIS.
1623 707 1645 779 5

253 852 524 953 opulentissima
552 850 647 923 inter
670 848 848 922 Neustriae
876 848 1004 938 urbes,
1030 874 1221 923 murorum
1247 847 1516 948 magnitudine,
1544 849 1647 924 edifi-

254 974 392 1050 ciorum
406 1000 553 1075 quoque
566 971 834 1073 pulcritudine,
846 972 904 1044 vel
921 973 1054 1044 artium
1067 971 1271 1044 liberalium
1286 971 1434 1064 studiis,
1449 971 1647 1049 habebatur

253 1095 500 1172 famosissima.

303 1324 365 1395 lll.
382 1322 543 1416 Quadam
551 1348 640 1397 vero
654 1337 875 1421 tempestate,
890 1322 934 1395 de
947 1323 1195 1394 transmarinis
1209 1322 1371 1422 partibus
1389 1350 1472 1397 cum
1485 1326 1648 1400 rostratis

254 1443 406 1517 navibus
421 1471 510 1546 gens
521 1472 657 1545 pagana
671 1444 868 1534 ebulliens,
888 1445 1076 1545 evaginato
1092 1471 1165 1516 suae
1184 1446 1358 1546 nequitiae
1375 1447 1514 1545 gladio,
1534 1463 1649 1522 totam

254 1592 347 1667 pene
359 1567 565 1641 Neustriam
577 1567 771 1642 crudeliter
778 1567 994 1641 devastabat.
1011 1568 1195 1641 Nonnulla
1207 1569 1342 1669 quippe
1354 1567 1431 1643 loca
1441 1581 1650 1641 sanctorum

254 1688 495 1790 depopulans,
521 1689 713 1765 voracibus
737 1689 901 1763 tradebat
929 1688 1102 1778 llammis3
1130 1690 1291 1763 civitates
1313 1716 1400 1765 vero
1426 1706 1544 1789 captas
1573 1691 1651 1766 solo

256 1829 360 1886 tenus
373 1811 577 1905 evertebat,
597 1829 705 1913 atque
723 1812 946 1886 Christianos
969 1826 1030 1884 aut
1050 1810 1242 1883 insatiabili
1268 1811 1368 1887 ferro
1388 1811 1565 1902 laniabat,
1591 1803 1653 1885 aut

256 1936 295 2007 in
312 1936 518 2035 captivitate
531 1935 659 2010 ductos
673 1934 740 2008 sub
754 1933 987 2010 inrevocabili
1003 1960 1139 2008 corona
1153 1933 1343 2008 vendebat.
1358 1934 1466 2033 Cujus
1480 1933 1596 2008 rabies
1613 1936 1650 2006 in

255 2074 400 2130 tantum
413 2058 595 2146 efferbuit,
608 2075 650 2130 ut
661 2084 726 2158 per
739 2059 940 2159 Sequanam
954 2056 1106 2129 lluvium
1122 2057 1275 2156 remigio
1289 2056 1512 2145 ascenderet,
1528 2058 1652 2132 omnia

256 2181 537 2280 circumquaque
555 2179 632 2254 loca
653 2178 897 2280 depopulans,
922 2178 966 2251 ad
987 2176 1115 2251 urbem
1133 2180 1392 2253 Carnotensem
1405 2176 1550 2253 tandem
1566 2205 1653 2280 per-

255 2302 418 2394 veniens,
433 2301 590 2374 anelanti
604 2319 752 2400 pectore
766 2301 934 2401 cupiebat
947 2316 1126 2389 evertere3
1143 2315 1198 2388 et,
1213 2301 1336 2374 omnia
1348 2327 1430 2402 quae
1445 2302 1654 2376 incircuitu

256 2422 358 2496 urbis
372 2425 551 2523 attingere
567 2424 709 2522 potuit,
725 2421 897 2496 vastando
912 2421 1189 2496 inhabitabilem
1203 2423 1372 2498 reddidit.

307 2695 370 2770 lV.
389 2697 482 2769 Cum
495 2722 583 2771 vero
597 2696 698 2786 urbs,
712 2696 939 2797 exigentibus
954 2698 1157 2773 incolarum
1169 2699 1325 2791 meritis,
1339 2724 1404 2799 per
1413 2698 1528 2770 multa
1541 2724 1655 2772 anno·

257 2843 339 2890 rum
348 2818 659 2905 curri‹:ula,tantis
668 2819 1061 2921 afficereturangustiis,
1069 2822 1196 2894 occisis
1208 2819 1353 2895 tandem
1364 2817 1515 2911 civibus,
1524 2818 1655 2921 opibus

258 2937 407 3011 sublatis
426 2954 534 3039 atque
552 2941 638 3013 totis
651 2940 790 3012 viribus
813 2940 958 3035 fractis,
974 2967 1018 3014 ex
1040 2943 1238 3042 improviso
1253 2943 1360 3015 etiam
1375 2941 1530 3043 quadam
1546 2957 1655 3017 nocte

259 3062 413 3160 capitur.
437 3059 630 3132 Christiani
653 3087 779 3134 omnes
800 3061 947 3134 diversis
969 3060 1151 3136 mortibus
1169 3062 1269 3134 velut
1286 3063 1438 3161 pecudes
1456 3064 1652 3136 laniantur.

259 3183 356 3256 Urbs
373 3208 533 3283 quoque,
553 3209 636 3283 quae
655 3182 839 3283 quondam
854 3183 984 3258 aJulio
996 3183 1135 3255 Caesare
1150 3182 1289 3258 obsessa
1306 3183 1483 3258 decennio
1497 3186 1656 3283 perstitit

260 3305 548 3404 inexpugnabilis
571 3321 648 3379 eta
673 3332 709 3378 se
731 3307 907 3379 Romanas
929 3307 1020 3379 acies
1045 3306 1304 3405 Argolicasque
1320 3305 1460 3406 pepulit
1483 3304 1655 3378 indefessa

258 3427 472 3527 phalanges,
503 3429 601 3526 (erat
620 3430 718 3502 enim
741 3454 784 3501 ex
805 3429 988 3528 quadratis
1010 3444 1045 3500 et
1073 3427 1338 3499 immanissimis
1365 3426 1544 3526 lapidibus
1566 3453 1658 3502 con-

260 3566 393 3622 structa
412 3550 564 3650 altisque
587 3549 750 3622 turribus
771 3551 930 3638 munita,
949 3575 990 3621 ac
1009 3550 1142 3620 iccirco
1157 3546 1269 3620 urbs·
1289 3548 1465 3647 Lepidum
1484 3550 1655 3638 vocitata,

260 3670 532 3773 aquaeductibus
552 3670 733 3770 jocunda,
758 3672 824 3743 viis
852 3671 1097 3743 subterraneis
1123 3664 1348 3760 laetabunda,
1373 3668 1506 3771 quibus
1531 3672 1656 3746 omnia

260 3791 571 3893 subportabantur
587 3793 655 3866 sibi
670 3794 864 3868 necessaria
872 3794 910 3891 ,)
930 3818 1031 3865 nunc
1044 3791 1089 3864 ab
1109 3793 1209 3891 inopi
1224 3792 1356 3866 divinae
1370 3793 1517 3867 virtutis
1531 3809 1654 3894 gente,

261 3919 340 3991 Deo
357 3917 613 4016 permittente,
635 3916 713 3990 solo
730 3931 836 3989 tenus
853 3916 1032 3988 evertitur
1051 3932 1088 3988 et
1105 3915 1251 4016 ignibus
1275 3932 1541 3992 concrematur.
1564 3918 1658 3990 'Dei

262 4055 381 4112 tamen
405 4039 599 4137 patientia,
630 4065 713 4139 quae
733 4039 782 4111 sic
804 4064 956 4115 suorum
974 4037 1128 4137 corrigit
1150 4040 1374 4137 proterviam
1394 4056 1435 4111 ut
1463 4039 1500 4111 in
1527 4037 1655 4112 futuro

305 4334 315 4361 ¹
339 4325 363 4383 Δ
380 4346 388 4380 z
407 4345 465 4381 urs.
477 4358 518 4370 -
535 4322 557 4383 B
574 4347 582 4382 a
600 4325 668 4383 ubrs
683 4327 758 4404 [sic].
977 4325 1091 4383 minime
1106 4325 1237 4383 ualentes
1244 4369 1254 4397 ,
1268 4326 1392 4384 civitatis
1406 4326 1547 4407 angulum
1562 4322 1657 4384 adhue

303 4427 316 4456 ²
337 4419 362 4481 B
375 4443 383 4478 a
400 4420 458 4479 Dei
469 4434 564 4479 tamen
578 4423 733 4504 sapientia,
747 4443 814 4504 quoe
823 4424 866 4479 sic
879 4442 944 4478 suo·
976 4443 1055 4480 muro
1071 4421 1278 4481 circumdatum
1292 4421 1334 4480 ad
1348 4421 1517 4483 odilardum
1531 4422 1656 4503 eligunt,

264 4541 327 4579 rum
341 4521 456 4600 corrigit
473 4522 645 4601 proterviam
667 4523 746 4579 utin
759 4519 867 4602 sutum
889 4541 944 4577 non
977 4535 1004 4579 et
1018 4542 1054 4579 ea
1067 4541 1211 4579 murorum
1225 4520 1391 4594 ruderibus,
1405 4521 1553 4580 adinstar
1565 4519 1660 4589 muri,

260 4630 395 4699 pereant,
415 4618 649 4700 impiissimorum
671 4617 856 4677 barbarorum
876 4639 946 4676 cru·
978 4620 1041 4676 sine
1055 4633 1189 4690 cemento,
1200 4620 1297 4702 posito
1314 4617 1385 4678 inibi
1398 4617 1496 4702 lapide
1509 4637 1598 4699 super
1610 4614 1660 4674 la-

265 4716 383 4775 delitate
402 4717 520 4798 sopita,
537 4719 658 4778 reversis
669 4717 811 4800 fugitivi}
831 4728 857 4775 et
873 4717 947 4777 reli—
972 4713 1073 4798 pidem
1080 4760 1091 4787 ,
1106 4716 1181 4773 sicut
1197 4736 1288 4800 usque
1304 4736 1378 4776 nunc
1394 4726 1529 4798 apparet,
1546 4733 1580 4771 se
1591 4732 1664 4770 mu—

266 4812 343 4893 quiis
361 4813 466 4894 populi
486 4814 663 4873 mundanam
682 4835 786 4897 pacem
808 4810 942 4871 reddidit.
979 4813 1039 4872 πῖνε
1054 4826 1201 4894 satagunt.

268 4909 327 4989 Qui
343 4924 432 4969 totam
452 4910 531 4970 urbis
552 4912 763 4972 subversionem
780 4907 945 4990 reedificare
