4462 6120
330 746 1300 777 munuumuumnxuunmuuwummmmutwomwum
1305 750 1720 777 §suctuswousmmusm

1713 784 1717 794 .

738 1003 957 1123 treus
998 1009 1306 1125 PRIMUS¹
1337 1166 1357 1177 ,Ι

827 1407 1292 1615 Hlelue'

902 1720 1145 1784 pnsum.

793 1914 852 1979 <Ab
870 1933 937 1966 anno
955 1916 1001 1968 9³1
1021 1913 1054 1965 nd
1071 1932 1167 1965 nonum
1186 1916 1258 1978 954.)

849 2288 1140 2369 CAPITULUM
1166 2292 1196 2366 1.
1319 2314 1320 2317 ’

368 2503 510 2585 Scriptum
525 2499 666 2583 Ageni‘de
682 2500 779 2559 clauso
793 2500 962 2574 vinearum,
980 2514 1008 2560 et
1022 2501 1058 2560 de
1072 2513 1148 2560 terra
1163 2522 1222 2560 non
1236 2499 1323 2582 longe
1337 2523 1352 2558 n
1367 2503 1542 2560 monasterio
1553 2500 1677 2563 reddita.

377 2708 437 2800 *§
455 2733 484 2776 1.
500 2705 593 2776 «ln'
609 2703 760 2776 nomine
772 2704 888 2776 Patris
897 2717 934 2777 et
943 2702 1024 2777 Filii
1038 2717 1075 2776 et
1084 2703 1241 2803 Spiritus
1249 2704 1377 2776 saneti.
1392 2703 1610 2778 Divinorum
1618 2705 1722 2780 volu-
1754 2727 1824 2777 etro·
1835 2745 1855 2776 a„
1867 2727 1923 2777 ese.

326 2828 469 2898 minum
481 2827 622 2926 eloquia
636 2824 742 2924 plene
755 2826 869 2898 oeulis
881 2842 964 2900 ante
981 2841 1017 2898 et
1034 2842 1134 2901 retro
1153 2823 1315 2899 indicant
1327 2828 1524 2930 unicuique
1536 2829 1721 2928 preterita

327 2948 417 3021 male
427 2949 592 3022 sollerter
602 2972 725 3020 cavere
735 2962 772 3020 et
783 2945 881 3022 bona
891 2948 959 3020 sibi
967 2947 1235 3021 desiderabilius
1247 2953 1466 3049 prospicere.
1480 2951 1721 3052 Prerogativae

326 3072 439 3170 igitur
459 3069 677 3169 pontificalis
699 3071 935 3157 reverentiae,
955 3096 1037 3170 quae
1054 3071 1093 3141 in
1110 3070 1251 3168 specula
1275 3071 1424 3164 Domini
1443 3072 1614 3148 adornata
1631 3098 1723 3147 eon·

325 3194 435 3280 sistit,
453 3208 680 3291 oportunum
696 3190 797 3263 valde
815 3207 869 3264 est
888 3207 948 3279 ut,
966 3169 1151 3290 limpidius
1171 3192 1406 3291 speculando,
1428 3195 1632 3268 consideret
1649 3196 1722 3266 vies

325 3316 506 3416 aequitatis
530 3331 566 3388 et
586 3293 652 3413 per
669 3326 730 3395 ete
743 3311 887 3414 plebem
903 3311 973 3387 sibi
995 3314 1228 3387 commissum
1248 3314 1300 3387 ire
1321 3313 1510 3414 disponat,
1532 3315 1721 3416 depravata

325 3439 505 3538 corrigat,
536 3436 693 3536 disperse
725 3438 764 3508 in
788 3435 847 3509 die
880 3428 988 3508 nubis
1017 3452 1055 3509 et
1084 3435 1246 3536 coliginis
1283 3453 1501 3536 congreget,
1538 3434 1720 3510 subnecte

325 3577 520 3648 restauret,
544 3558 658 3633 fracta
680 3557 900 3645 consolidet,
919 3583 1002 3658 quae
1020 3557 1159 3654 abjecte
1172 3556 1318 3629 fuerant
1338 3556 1486 3631 redueat
1497 3611 1508 3646 ,
1534 3557 1721 3634 fesciculos

324 3683 565 3782 deprimentes
594 3679 714 3773 solvat
735 3694 773 3752 et
799 3669 911 3752 etune
933 3703 1026 3753 enus
1051 3677 1249 3751 seeundum
1267 3680 1425 3778 justiciae
1454 3706 1622 3756 normam
1648 3679 1723 3757 ‚dis-

325 3821 484 3905 rumpat.
516 3804 580 3875 llis
604 3829 692 3902 ergo
720 3800 855 3879 divinae
879 3801 1178 3875 commonitionis
1204 3803 1448 3875 incitamentis
1472 3803 1719 3895 admonent,

324 3954 391 4027 ego
404 3927 567 4027 Agonus,
586 3925 696 3997 nullis
719 3921 956 3998 existentibus
972 3924 1131 4012 meritis,
1150 3940 1205 3998 set
1219 3925 1295 4000 sela
1307 3926 1456 4000 Domini
1471 3927 1628 4027 grautitn
1641 3928 1723 4026 pie-

325 4065 410 4135 tate,
426 4049 613 4148 episeopus
627 4047 860 4122 Carnotensis
873 4047 1057 4136 aeeelesioe,
1068 4072 1178 4146 super
1186 4047 1345 4149 quodam
1358 4050 1580 4124 monasterio
1592 4066 1720 4125 nocuo

326 4196 417 4270 pene
433 4170 580 4257 diruto,
601 4171 639 4242 in
658 4168 799 4244 honore
816 4170 939 4245 Sancti
956 4170 1053 4242 Petri
1073 4168 1193 4245 diceto
1202 4224 1213 4258 ,
1238 4168 1508 4262 condoluimus,
1525 4170 1628 4274 quod
1642 4197 1719 4248 non

324 4293 433 4394 longe
457 4291 503 4366 ab
533 4294 607 4393 ipsa
630 4278 747 4366 distet
762 4293 927 4380 civitate,
957 4291 1120 4394 illudque
1140 4319 1160 4364 a
1188 4291 1428 4369 fundamento
1450 4292 1659 4370 reedificare
1684 4312 1721 4370 et

367 4551 376 4578 ¹
400 4540 468 4600 Cod.
484 4543 589 4622 Incipit
604 4541 676 4601 luder
686 4542 816 4622 Hagani.
1040 4543 1185 4621 sequentis
1207 4541 1273 4618 lll,
1296 4542 1361 4604 data
1386 4545 1470 4604 nonis
1484 4543 1575 4622 juniis
1592 4561 1622 4602 tt.
1636 4540 1718 4625 9313

365 4649 376 4675 ²
400 4638 509 4699 Chartae
523 4643 582 4719 jam
599 4652 683 4699 antee
701 4639 783 4699 editae
793 4640 928 4699 asterisco
940 4637 1005 4699 dis·
1039 4638 1164 4719 ideoque
1178 4640 1293 4700 circiter
1306 4640 1345 4701 ud
1354 4662 1381 4701 a.
1392 4644 1454 4724 930
1469 4639 1569 4700 referri
1583 4639 1684 4720 pinsit.

325 4738 504 4818 tinguuntur.
522 4735 720 4818 —Scriptum
739 4735 813 4796 illud
830 4736 921 4818 Ageni
939 4736 1005 4817 epi·
1081 4735 1260 4817 ³Superiorn
1279 4737 1373 4799 adhue
1395 4740 1524 4821 neglecta
1545 4736 1662 4796 fuerunt
1682 4735 1721 4794 ab

324 4835 402 4913 scopi
422 4835 458 4894 dc
476 4836 650 4893 monasterio
671 4833 768 4894 Sancti
785 4834 861 4894 Petri
880 4834 1004 4894 reedifi-
1039 4833 1215 4909 editoribus,
1241 4839 1270 4895 in
1301 4836 1384 4897 Gall.
1414 4835 1523 4897 Christ.
1534 4881 1545 4908 ,
1574 4848 1597 4894 t.
1621 4832 1721 4908 Vlll,

324 4943 405 5005 ceto,
417 4931 530 4992 videtur
541 4933 627 5013 paulo
638 4935 783 5015 antiquius
794 4935 893 4995 chorte
902 4935 1003 5015 cepitis
1040 4934 1138 5007 instr.,
1153 4933 1208 4993 eol.
1228 4931 1297 4994 288.
