4426 6120
407 794 415 819 ,
507 736 553 805 aa
728 702 1074 806 nontsr'uninn
1101 729 1134 799 s.
1162 727 1305 800 rarat
1331 726 1671 803 eannorensrs

552 882 614 953 llis
633 880 681 953 ita
702 876 854 965 omissis,
872 873 916 948 ad
933 873 1058 950 domni
1076 875 1191 976 Agani
1210 874 1373 983 praesulis
1392 875 1523 975 scripta
1538 893 1700 951 vertatur
1716 878 1896 976 pennula,

503 1004 566 1103 spui
583 1003 707 1077 locum
728 1026 748 1073 a
770 998 915 1099 paganis
932 996 1177 1109 destructum,
1195 984 1314 1070 divina
1339 996 1541 1097 opitulante
1562 1000 1705 1090 Gratia,
1728 999 1899 1076 decenter

502 1142 718 1211 restaurans,
733 1120 954 1197 clerinomiae
971 1121 1099 1195 seriem
1119 1120 1208 1194 inibi
1227 1121 1302 1196 Deo
1319 1121 1556 1194 militaturam
1563 1120 1781 1223 'subrogavit
1787 1176 1799 1213 ,
1812 1150 1900 1225 qua3

502 1248 583 1321 elam
600 1244 831 1347 portiuncula
855 1270 979 1317 rerum
1000 1245 1089 1319 olim
1113 1244 1196 1319 loco
1217 1245 1480 1343 pertinentium
1504 1244 1681 1346 delegata,
1707 1272 1790 1346 quae
1812 1273 1900 1323 eor-

502 1395 634 1469 porum
654 1365 927 1442 necessitatibus
953 1367 1199 1466 supplementa
1217 1383 1446 1467 suggereret,
1465 1382 1574 1470 atque
1598 1368 1728 1467 procul
1752 1369 1899 1469 expulsa

504 1518 626 1566 rerum
641 1507 851 1565 exterorum
864 1487 1107 1565 sollieitudine
1116 1545 1128 1582 ,
1145 1488 1260 1564 clerus
1278 1487 1390 1562 libera
1406 1487 1640 1566 meditatione
1657 1488 1789 1565 divinis
1806 1492 1901 1566 insi-

501 1629 612 1691 steret
628 1611 806 1686 laudibns.
825 1610 930 1685 Unde
950 1610 1103 1713 dignum
1121 1609 1208 1685 duxi
1225 1611 1268 1684 ad
1285 1610 1398 1684 finem
1411 1608 1516 1710 hujus
1532 1613 1664 1712 epilogi
1683 1629 1797 1686 cartas
1813 1615 1901 1687 seri·

504 1736 588 1810 bere
612 1734 721 1811 editas
742 1734 788 1807 ab
812 1735 988 1834 episcopis
1016 1734 1141 1834 Agano
1163 1730 1328 1808 viddlicet
1349 1750 1386 1808 et
1408 1734 1633 1835 Regenfredo
1655 1751 1762 1838 atque
1785 1736 1898 1811 saneti

504 1860 677 1947 Cerauni,
694 1855 821 1932 abbate
845 1855 1039 1944 Gradulfo,
1055 1856 1098 1930 de
1121 1855 1229 1928 rebus
1250 1854 1341 1928 datis
1359 1856 1415 1929 vel
1438 1854 1587 1930 redditis
1600 1874 1707 1958 stasne
1722 1860 1905 1969 concessis
2025 1930 2032 1936 .

504 1994 628 2056 sarlato
645 1983 754 2055 Petro
770 1977 815 2052 ab
831 1980 897 2070 eis,
915 1977 1003 2051 dum
1015 1976 1132 2051 adbuc
1147 1978 1312 2053 canonici
1333 1979 1416 2055 loeo
1432 1979 1667 2053 deservirent.
1687 1980 1826 2055 Deinde
1842 2006 1899 2055 res

503 2129 675 2204 possessas
697 2100 743 2174 ab
767 2100 837 2173 illis
858 2128 945 2201 quas
969 2101 1118 2200 scriptas
1141 2102 1282 2200 repperi
1301 2103 1338 2174 in
1356 2099 1497 2176 duobus
1514 2102 1662 2190 rotulis,
1681 2120 1788 2203 atque
1802 2129 1899 2179 eon·

504 2224 708 2303 suetudines
738 2249 825 2323 quas
849 2222 895 2296 ab
919 2223 1084 2323 agricolis
1107 2222 1348 2322 accipiebant,
1373 2249 1456 2324 quae
1472 2224 1630 2296 multum
1653 2224 1856 2325 discrepant
1878 2254 1899 2301 a

505 2344 827 2423 consuetudinibus
851 2347 966 2421 nostri
994 2347 1181 2445 temporis.
1207 2347 1341 2418 Earum
1365 2345 1520 2447 denique
1548 2374 1672 2421 rerum
1689 2363 1822 2438 ea1·tas,
1840 2351 1897 2423 vel

505 2472 652 2547 nomina
679 2470 826 2543 illorum
851 2470 913 2571 qui
940 2494 996 2542 eas
1018 2467 1136 2569 largiti
1159 2483 1244 2539 sunt
1266 2468 1416 2542 minime
1439 2470 1561 2543 inveni
1578 2485 1601 2542 ¹.
1621 2470 1756 2543 Utrum
1776 2487 1899 2547 autem

505 2608 680 2667 vetustate
709 2589 853 2667 abolitae
880 2605 986 2680 sunt,
1013 2605 1074 2662 aut
1098 2589 1258 2665 hostium
1286 2592 1369 2691 igne
1398 2607 1584 2680 crematae,
1615 2608 1677 2666 aut
1710 2617 1898 2695 nunquam

504 2718 666 2816 scriptae,
687 2711 889 2787 scribarum
907 2714 1057 2812 penuria
1067 2767 1079 2804 ,
1096 2713 1247 2787 minime
1265 2714 1374 2812 scio]

548 2996 553 3023 ¹
578 2984 622 3045 Ex
637 2983 691 3044 boe
704 2984 766 3044 loco
781 2988 937 3064 presertim
952 2997 1064 3044 constat
1083 2987 1184 3065 quanti
1219 2986 1318 3045 rotulis
1339 2987 1370 3044 in
1392 2988 1601 3049 conscribendo
1615 3008 1718 3068 opere,
1733 3008 1789 3047 nee
1804 2986 1897 3047 ullum
1950 3060 1956 3065 ,

505 3084 597 3164 potior
616 3083 653 3142 sit
677 3079 768 3141 codex
789 3088 832 3153 Α,
856 3081 905 3139 nbi
930 3080 1033 3140 cbartae
1063 3102 1098 3141 ex
1121 3085 1184 3162 ipso
1217 3082 1337 3164 quidem
1365 3083 1403 3144 de
1440 3085 1584 3165 prioribus
1619 3086 1725 3145 chartis
1757 3085 1897 3167 reperisse

504 3179 659 3261 archetypo
674 3178 822 3259 descriptae
841 3190 925 3251 suut;
947 3175 1016 3236 dum
1037 3175 1182 3237 codicisB
1217 3179 1367 3243 indicium.

502 3288 601 3335 satiator
624 3273 715 3337 solum
744 3295 813 3335 usus
844 3294 905 3333 esse
938 3272 1042 3333 latetur
1070 3272 1181 3334 duobus

873 3835 1025 3925 Explicit
1042 3836 1127 3903 liber
1143 3836 1344 3928 Haganonis
1357 3833 1522 3924 praesulis.
