4462 6120
264 668 268 676 ’
321 701 325 707 ·
428 717 495 787 aaa
943 708 1289 785 uonasramuu

423 887 600 965 guerpum
619 860 758 934 vicariae
775 884 884 960 quam
903 855 1147 933 reclamabant
1167 881 1275 957 super
1290 855 1401 929 altare
1419 851 1531 931 sancti
1553 852 1652 924 Petri
1668 876 1815 950 ponen-

424 982 494 1070 tes,
512 998 547 1056 et
561 980 663 1057 venia
681 983 869 1081 impetrata
883 1005 992 1080 quam
1005 972 1221 1078 poscebant,
1240 993 1445 1052 nostrarum
1458 1000 1608 1076 precum
1620 975 1814 1074 participes

423 1103 614 1179 nobiscum
629 1130 703 1178 esse
720 1118 924 1203 coeperunt.
942 1103 1065 1174 Testes
1081 1115 1203 1174 autem
1218 1127 1263 1174 ex
1280 1098 1346 1172 hac
1359 1096 1401 1173 re
1419 1097 1463 1171 de
1479 1112 1601 1170 nostra
1618 1111 1720 1195 parte
1737 1095 1815 1167 sue-

422 1240 509 1298 ru'nt
522 1255 531 1296 ε
543 1222 769 1298 Frodlandus
778 1239 814 1297 et
826 1221 1064 1314 Gunbaudus,
1078 1221 1174 1294 filius
1187 1223 1280 1320 ejus;
1297 1212 1641 1320 stephanusmajcr,
1656 1223 1815 1290 Lauren·

423 1348 494 1418 tius
504 1343 747 1418 cubicularius
753 1373 764 1431 ;
783 1341 982 1434 Herbertua
999 1355 1036 1416 et
1046 1340 1249 1430 Warinua,
1265 1342 1437 1441 pistorem
1454 1338 1668 1414 Walterius
1680 1352 1813 1428 sartor,

423 1465 604 1543 Hubertus
614 1465 891 1540 matricularius.
908 1466 964 1537 Ex
975 1479 1078 1563 parte
1090 1483 1218 1538 eorum
1232 1495 1240 1536 ε
1252 1462 1436 1556 Giraldua,
1448 1462 1605 1562 armiger
1613 1459 1812 1536 VValterii.

422 1591 457 1662 Si
472 1590 552 1689 quis
563 1614 650 1662 vero
664 1587 749 1661 huic
760 1588 906 1660 cartulae
921 1587 1103 1661 contraire
1117 1587 1366 1685 temptaverit,
1383 1585 1452 1658 nisi
1465 1583 1510 1657 ad
1526 1583 1815 1659 emendationem

422 1713 631 1809 resipiscens
648 1710 872 1810 confugerit,
891 1708 1125 1783 anathematis
1134 1709 1264 1810 jugulo
1279 1708 1454 1781 sauciatus
1460 1761 1472 1797 ,
1493 1707 1530 1779 in
1549 1705 1712 1793 inferno,
1731 1703 1816 1777 cum

402 1835 561 1929 ¹Anamia
579 1851 615 1907 et
630 1832 779 1935 saphira
796 1832 983 1933 sacrilegio
998 1832 1215 1935 peremptis,
1235 1833 1312 1906 aine
1329 1830 1402 1906 fine
1422 1855 1549 1931 poenas
1568 1829 1657 1902 luat.
1676 1859 1694 1896 n

723 2100 729 2109 ’
835 2106 1190 2204 CAPITULUM
1229 2111 1404 2198 LXXI.

423 2357 468 2421 Dc
480 2357 632 2418 medietate
646 2357 797 2437 sepultura
812 2372 840 2418 et
854 2363 936 2440 panis
950 2372 1038 2442 atque
1056 2360 1183 2420 candelae
1202 2361 1335 2420 aeccleaiae
1349 2332 1473 2441 dlogiae,
1489 2358 1554 2418 data
1574 2380 1590 2416 a
1606 2356 1765 2418 VValterio
1780 2356 1816 2416 de

992 2456 1094 2526 Monte
1109 2465 1249 2525 Minbiti.

475 2695 491 2733 a
514 2666 652 2742 Notum
678 2694 751 2743 ease
778 2669 946 2744 volumus
972 2668 1143 2747 omnibus
1171 2668 1435 2744 successoribus
1466 2672 1619 2756 noatris,
1651 2668 1816 2741 videlicet

425 2813 491 2859 nos
504 2788 671 2863 monachi
692 2792 805 2891 sancti
822 2791 920 2864 Petri
938 2789 1100 2864 coenobii
1118 2789 1349 2867 Carnotcnsis
1359 2843 1370 2879 ,
1390 2795 1495 2890 quia,
1518 2806 1709 2890 postquam
1725 2792 1818 2864 Ber-

425 2907 557 2981 nardus
579 2909 623 2983 de
645 2909 753 2994 Buslo
777 2910 971 2984 aecclesiam
989 2909 1295 2990 sancti'Germani
1313 2909 1363 2984 de
1384 2908 1532 3010 Alogia,
1558 2912 1701 2988 vivente
1719 2913 1818 2984 lan-

425 3031 527 3106 drico
545 3029 693 3122 abbate,
715 3058 784 3132 pro
800 3033 914 3107 salute
931 3033 1062 3107 animae
1086 3060 1160 3108 suae
1183 3035 1359 3123 contulit,
1384 3034 1531 3134 quidam
1548 3035 1720 3122 clericus,
1746 3060 1820 3108 no-

425 3155 523 3228 mine
541 3154 755 3229 VValterius
777 3153 821 3228 de
846 3155 1020 3242 Castello,
1045 3158 1103 3229 cui
1127 3155 1345 3241 vocalxrlum
1366 3172 1420 3232 est
1439 3159 1545 3232 Mons
1565 3157 1730 3232 Mirellus
1742 3211 1753 3246 ,
1780 3159 1820 3231 in

425 3275 547 3349 eadem
565 3276 722 3349 aecclesia
737 3277 890 3352 clamare
907 3278 1022 3377 coepit
1038 3278 1265 3354 medietatem
1284 3280 1620 3379 oepulturae,'panis
1632 3297 1670 3354 et
1686 3279 1819 3353 cande-⁸

425 3395 555 3470 larum.
581 3398 744 3471 Tandem
771 3401 906 3474 nostris
930 3398 1044 3472 flexus
1064 3401 1304 3500 petitionibus
1325 3416 1435 3502 atque
1450 3404 1623 3501 pecunia,
1644 3401 1819 3503 quicquid

393 3513 396 3521 ’
428 3520 465 3589 in
491 3518 662 3618 praedicta
690 3520 846 3593 aecclesia
873 3519 1005 3594 habere
1030 3521 1194 3610 dicebat,
1223 3549 1292 3622 pro
1319 3523 1450 3596 animae
1476 3550 1548 3595 suae
1577 3520 1737 3597 remedio
1763 3523 1820 3594 vel

425 3627 619 3739 parentum
635 3666 805 3730 suorum,
825 3641 1039 3716 voluntariae
1057 3660 1181 3718 sancto
1199 3645 1327 3734 Petro,
1348 3646 1385 3717 in
1399 3642 1521 3717 usibus
1537 3643 1712 3735 fratrum,
1724 3626 1820 3719 ‘con-

425 3760 521 3833 ferre
541 3760 720 3850 decrevit,
748 3778 784 3834 et
806 3760 924 3835 filium
945 3790 1050 3861 suum
1069 3764 1342 3859 VValterium„
1346 3770 1423 3866 jam
1446 3767 1634 3856 clericum,
1661 3766 1704 3839 ad
1727 3766 1820 3839 llanc

428 3884 556 3956 urbem
572 3886 697 3958 venire
704 3939 721 3979 ,‚
736 3899 843 3993 atque
862 3912 1040 3987 guerpum
1059 3887 1315 3987 predictarum
1332 3915 1456 3963 rerum
1472 3916 1580 3989 super
1596 3890 1706 3963 altare
1722 3891 1819 3963 Patri

328 4059 330 4063 -
427 4008 578 4106 apostoli
602 4005 767 4106 publice,
792 3998 915 4083 corani
939 4009 1045 4119 nobis
1066 4029 1103 4084 et
1124 4013 1269 4085 famulis
1290 4014 1444 4102 nostris,
1461 4040 1597 4114 ponere
1609 4014 1735 4113 jussit,
1754 4030 1818 4101 ut,

427 4128 471 4200 ab
491 4118 549 4200 illa
566 4128 624 4202 die
643 4129 681 4200 in
700 4122 823 4249 antea,
841 4115 1084 4230 possideamus
1101 4151 1138 4209 et
1155 4132 1366 4224 habeamus,
1389 4134 1521 4237 absque
1539 4137 1611 4210 ulla
1633 4137 1822 4236 inquietu-

426 4250 511 4322 dine
531 4250 728 4349 cujuspiam
756 4253 1040 4361 calumniatoris.
1069 4255 1162 4350 Qui,
1189 4256 1373 4358 complens
1400 4252 1499 4360 q’uod
1520 4263 1680 4358 jusserat.
1698 4275 1817 4358 pter,

224 4406 231 4427 ·
305 4414 307 4419 ⁴
429 4370 537 4445 xxu
551 4358 620 4443 sibi
632 4372 755 4445 solidis
768 4400 786 4445 a
801 4372 908 4450 nobis
921 4374 1026 4468 datis,
1041 4378 1085 4451 ad
1098 4361 1238 4479 patrem
1251 4377 1372 4453 rediit.
1389 4380 1499 4480 Cujus
1512 4382 1563 4454 rei
1578 4381 1760 4467 notitiam,
1773 4404 1820 4450 ne

429 4491 600 4565 tradatur·
609 4491 807 4588 oblivioni,
829 4493 914 4569 huic
934 4500 1035 4599 operi
1059 4499 1253 4587 maluimus
1272 4507 1428 4591 inserere
1435 4518 1573 4604 ,atque
1595 4504 1622 4575 si
1643 4490 1819 4603 quispiam

428 4613 848 4714 heredumproefa'torum
856 4619 1072 4729 calumniam
1086 4612 1315 4723 temptaverit
1326 4610 1475 4713 inferre,
1486 4621 1821 4725 pecctrniaproinde

250 4846 253 4855 ¹
295 4704 321 4752 ‘⁰
355 4812 359 4825 ,
427 4728 508 4849 da'ta
524 4735 724 4827 obiciatur,
744 4756 779 4814 et
792 4741 1052 4849 judiceshante
1068 4770 1160 4846 quos
1176 4745 1462 4859 cuiquamlitem
1476 4746 1665 4863 intulerit,
1684 4746 1761 4818 auri
1778 4743 1823 4816 li·

428 4858 534 4961 bram,
541 4859 589 4983 ab¹
597 4887 641 4936 eo
651 4861 816 4963 exigente
831 4881 981 4955 conatus
989 4859 1139 4970 quoque
1148 4871 1223 4968 ejus
1234 4869 1394 4985 inellimx
1403 4866 1628 4987 pereffluat,
1637 4885 1674 4975 et
1684 4866 1820 4941 tamdiu
