4462 6120
746 750 783 822 S.
802 750 945 823 PETRI
970 746 1307 822 CARNOTENSlS.
1650 746 1719 819 155

330 897 421 987 lani3
442 896 630 985 Albanus,
647 900 863 999 praepositus
876 898 1008 973 Joeiaci
1029 896 1148 983 cellae3
1168 893 1430 969 Rodbcrtnsde
1443 892 1615 980 Fraxino,
1635 891 1724 968 llul·

328 1019 447 1118 gerius
469 1023 598 1118 maj0r.
620 1017 801 1094 lohannes
822 1020 1063 1094 cubicularius
1084 1017 1243 1090 dictavit
1256 1016 1348 1089 hanc
1369 1015 1556 1088 cartulam.
1581 1014 1721 1101 Draco,

329 1140 602 1215 archidiaconus
615 1142 800 1216 vilcasini.
820 1143 890 1236 Qui
904 1169 1005 1232 vero,
1023 1141 1158 1214 diaboli
1173 1139 1361 1228 instinctu,
1376 1136 1461 1210 buio
1475 1137 1527 1210 rei
1542 1135 1724 1211 contraire

328 1265 503 1353 voluerit,
530 1266 617 1339 fisco
638 1273 730 1367 regis
757 1268 938 1366 persolvat
961 1280 1108 1339 centum
1135 1261 1242 1336 libras
1266 1261 1373 1337 colati
1393 1261 1492 1348 auri,
1516 1273 1554 1334 et
1573 1272 1722 1332 conatus

331 1389 404 1484 ejus
421 1389 498 1460 sine
515 1388 644 1461 ellectu
659 1403 879 1487 permaneat.
899 1419 917 1456 a

736 1686 1105 1779 CAPITULUM
1138 1684 1324 1775 XXIX.

796 1963 840 2021 De
854 1963 925 2021 cella
939 1961 1048 2021 Sanctae
1063 1958 1250 2037 Gausburgis.

352 2256 399 2297 ru
413 2228 457 2301 ln
472 2227 612 2327 gremio
625 2240 760 2305 sancte
777 2227 903 2301 matris
922 2226 1091 2301 aecclesiae
1109 2250 1194 2296 cum
1213 2222 1299 2297 fides
1318 2224 1565 2323 principatum
1581 2239 1718 2311 teneat,
1747 2238 1809 2284 Ante
1822 2254 1842 2283 n·
1857 2238 1926 2285 ¹06¹-

327 2347 572 2424 miserioonlia
584 2402 596 2438 ,
619 2374 702 2451 quae
725 2376 830 2449 grece
852 2349 989 2427 dicitur
1012 2349 1228 2435 elemosina,
1254 2373 1339 2420 cum
1364 2372 1408 2420 ex
1433 2344 1539 2423 fonte
1563 2347 1720 2421 caritatis

326 2470 515 2568 prooednt,
541 2472 637 2545 inter
659 2473 813 2547 virtutes
838 2488 972 2546 ceteras
994 2496 1069 2545 non
1097 2470 1252 2543 habetur
1275 2469 1415 2543 ultima.
1437 2468 1528 2562 Quae
1551 2467 1718 2569 quidem,

326 2590 414 2667 dum
434 2594 596 2673 minimis
619 2593 754 2667 Christi
775 2594 1026 2684 distribuitur,
1051 2593 1214 2669 remissio
1242 2609 1474 2693 peccatorum
1494 2590 1719 2691 adipiscitur,

327 2740 482 2815 regnum
499 2717 679 2792 coelorum
696 2717 932 2817 operantibus
946 2743 1026 2791 eam
1042 2717 1220 2815 aperitur,
1239 2715 1337 2790 unde
1353 2732 1408 2790 est
1425 2715 1513 2789 illud
1534 2745 1542 2786 ε
1559 2710 1722 2812 Banasa-

327 2842 376 2911 cit
391 2841 528 2912 anttnoe
548 2867 624 2914 suoe
642 2843 941 2932 oirmtitericors,
963 2856 1001 2915 et
1024 2839 1129 2938 plura
1154 2837 1209 2912 bis
1233 2838 1377 2911 similia.
1404 2838 1567 2911 Salvator
1585 2837 1721 2913 etenim

326 2977 464 3048 noster,
482 2962 724 3037 universitatis
738 2963 936 3051 Dominus,
955 2988 1039 3035 cum
1056 2964 1131 3061 ipse
1143 2962 1190 3033 sit
1205 2977 1354 3059 potens,
1372 2976 1539 3061 potentes
1551 2985 1629 3035 non
1642 2957 1722 3037 abi-

327 3083 399 3173 cit,
414 3084 590 3182 quoniam
606 3085 792 3185 neminem
805 3083 885 3161 vul'
907 3084 1046 3182 perire,
1061 3099 1115 3157 set
1127 3080 1171 3153 ad
1185 3081 1411 3180 agnitionem
1422 3083 1583 3157 veritatis
1596 3082 1722 3157 venire

327 3220 365 3278 et
374 3230 442 3305 per
454 3204 596 3279 fructus
608 3205 795 3282 bonorum
811 3232 966 3306 operum
977 3231 1105 3282 omnes
1121 3203 1242 3280 fideles
1255 3220 1360 3279 vocat
1375 3203 1420 3277 ad
1436 3229 1489 3292 se;
1509 3205 1572 3303 qui
1589 3203 1718 3293 etiam,

327 3328 367 3401 in
380 3328 593 3428 Evangelio,
610 3328 738 3401 mundi
754 3343 932 3403 amatores
946 3342 1063 3403 terret
1077 3358 1087 3401 ε
1106 3327 1251 3414 Omnis,
1269 3326 1391 3426 inquit
1399 3379 1411 3415 ,
1429 3325 1541 3401 arbor
1550 3350 1634 3425 quta
1644 3351 1720 3399 non

314 3450 421 3546 facit
434 3452 604 3546 finctum
624 3453 758 3525 bonum
780 3452 983 3544 ercidetur,
1010 3469 1045 3524 et
1066 3452 1107 3525 in
1129 3452 1253 3550 ignem
1274 3450 1455 3535 rutatum
1480 3464 1519 3523 et
1535 3448 1640 3548 plura
1663 3446 1719 3521 his

325 3572 455 3647 similia
471 3599 554 3674 quae
571 3599 649 3648 non
665 3573 852 3669 cunabulo
867 3575 952 3650 stilo
969 3573 1117 3651 credita.
1132 3569 1237 3647 Unde
1252 3597 1320 3671 ego
1337 3572 1421 3658 lvo,
1440 3569 1597 3644 cassibus
1612 3596 1720 3644 mun·

324 3694 428 3781 danae
452 3699 736 3773 conversationis
761 3698 954 3797 inretitus,
980 3724 1067 3799 pne÷
1082 3694 1273 3783 omnibus,
1299 3710 1531 3795 peccatorum
1557 3692 1718 3793 pondere

325 3842 486 3918 promus,
510 3836 759 3897 verumtamen
782 3821 828 3895 de
848 3819 1085 3895 multitudine
1098 3817 1435 3893 misericordiarum
1452 3816 1601 3890 Domini
1619 3842 1719 3916 pree-

326 3966 431 4017 sumo
458 3941 627 4041 indignus
650 3969 742 4045 opus
765 3943 908 4019 bonum
932 3960 970 4019 et
991 3941 1098 4046 quod
1121 3942 1284 4017 creditur
1310 3939 1512 4028 laudabile3
1548 3938 1718 4013 locellum

326 4060 475 4141 Sancte
487 4062 713 4166 Gauburgis,
736 4065 775 4137 in
796 4064 985 4141 territorio
1008 4065 1216 4139 Belismensi
1233 4065 1362 4151 situm,
1383 4087 1468 4134 cum
1483 4059 1655 4137 omnibus
1674 4059 1718 4133 ad

326 4184 445 4281 ipsum
457 4183 580 4259 locum
595 4184 705 4265 rebus
716 4184 1006 4285 pertinentibus,
1024 4187 1158 4260 Sancto
1171 4187 1280 4259 Petro
1296 4185 1508 4256 Carnotensi
1525 4182 1718 4258 committo

325 4320 363 4379 et
377 4304 477 4382 dono
485 4358 497 4395 ‚
515 4306 687 4408 quatinus
704 4306 839 4383 ibidem
852 4307 1075 4381 militaturus
1091 4307 1167 4381 Deo
1182 4306 1403 4381 monasticus
1418 4304 1512 4379 ordo
1527 4303 1716 4381 habeatnr.
1844 4298 1851 4310 ’

324 4427 377 4501 Ut
390 4446 513 4503 antem
530 4429 600 4504 boc
615 4428 755 4504 donum
770 4430 899 4506 stabile
915 4447 954 4505 et
971 4430 1226 4504 incon-vulsum
1243 4445 1471 4529 pemmneat,
1489 4428 1718 4504 volonmni-

324 4548 412 4640 bns,
432 4568 506 4625 tam
521 4551 750 4652 presentibus
765 4578 878 4654 quam
892 4570 931 4627 et
949 4552 1101 4641 futuris,
1119 4578 1187 4653 per
1203 4550 1429 4627 succedentia
1447 4566 1629 4649 tempora,
1647 4575 1719 4625 no-

325 4687 404 4745 tum
416 4698 504 4761 esse,
519 4672 657 4750 domno
668 4701 752 4751 meo
768 4676 942 4750 llainrico
954 4677 1053 4777 rugi,
1066 4702 1111 4751 ex
1124 4676 1228 4773 eujus
1238 4673 1417 4751 beneficio
1429 4688 1501 4761 est,
1518 4697 1577 4748 me
1590 4696 1719 4749 ctrin-

368 4928 376 4953 ¹
392 4916 455 4991 Sic,
470 4932 497 4978 et
511 4922 661 5000 superius,
675 4942 739 5002 cap.
755 4919 807 4996 ωδ,
824 4942 853 5004 p.
868 4921 933 4983 151.
