4462 6120
739 768 943 842 srnrru
968 764 1304 841 GARNOTENSIS.
1641 728 1712 839 'in

330 908 440 1025 bajuli
457 911 624 985 Landrici
637 910 793 1030 abbatis.
817 903 1048 988 S.Gauslridi
1065 913 1161 988 laici.
1188 914 1428 990 &Homerici
1448 914 1542 988 laici.
1570 856 1714 989 Salios-

330 1031 735 1135 ocliuiliotoma'gensis.
758 1039 797 1111 S.
813 1035 946 1110 Oduini
959 1035 1118 1134 majoris.
1133 1064 1151 1103 a

787 1267 1160 1401 vuariruuun
1193 1269 1246 1356 L.

563 1466 608 1527 De
621 1467 722 1528 eodem
735 1467 849 1529 teloneo
863 1468 967 1527 iterum
983 1465 1050 1526 dato
1063 1488 1079 1525 a
1093 1466 1231 1525 Maurilio
1244 1468 1468 1552 archiepiscopo.

337 1661 350 1683 ²
375 1665 397 1734 vi
408 1666 489 1768 Ego
504 1657 727 1756 Maurili'us‘,
744 1668 810 1742 Dei
828 1669 962 1769 gratia,
978 1668 1300 1768 Rotomagensium
1316 1667 1622 1767 archiepiscopus,
1645 1693 1714 1767 pro
1739 1675 1800 1724 ³⁰⁸0
1812 1691 1833 1721 ²·
1845 1673 1916 1722 ¹⁰⁶⁸·

326 1787 519 1864 elemosina
530 1788 656 1866 domni
669 1790 740 1864 mei
751 1788 942 1867 VVillelmi
951 1843 963 1879 ,
979 1788 1121 1865 comitis
1134 1789 1433 1866 Normannorum
1441 1844 1453 1879 ,
1471 1806 1510 1864 et
1523 1816 1591 1887 pro
1604 1789 1715 1862 salute

325 1910 469 1982 animae·
485 1936 575 1984 meae
601 1928 638 1986 et
664 1927 929 1987 antecessorum
958 1936 1020 1984 seu
1048 1937 1293 1987 successorum
1322 1918 1514 1999 meorum,
1546 1909 1715 1985 condono

327 2029 499 2107 coenobio
515 2033 681 2106 aecclesiae
699 2033 946 2121 Gamotensis,
972 2033 1071 2134 quod
1095 2035 1134 2105 in
1157 2030 1373 2138 suburbanis
1389 2030 1546 2132 ejusdem
1563 2031 1716 2103 civitatis

325 2150 435 2225 situm
457 2169 532 2244 est,
558 2157 596 2226 in
618 2138 760 2229 honore
779 2155 874 2227 beati
896 2157 1014 2244 Petri,
1038 2157 1288 2255 apostolorum
1307 2156 1503 2257 principis,
1531 2153 1717 2229 teloneum

325 2273 401 2344 vini
424 2275 585 2374 proprii,
607 2273 707 2374 quod
726 2274 876 2350 antehac
893 2277 1005 2376 accipi
1027 2276 1165 2357 solebat
1182 2278 1220 2349 in
1236 2278 1320 2350 loco
1334 2279 1429 2376 juris
1449 2277 1591 2364 nostri,
1617 2277 1717 2372 cujus

325 2409 433 2493 caput
462 2411 514 2504 est
539 2394 776 2488 Andeleium,
804 2413 848 2470 ut
875 2398 1005 2472 amodo
1030 2399 1189 2469 ministri
1216 2398 1381 2497 praedicti
1408 2397 1570 2472 coenobii
1600 2395 1717 2469 securi

325 2531 408 2588 eant
429 2542 495 2615 per
514 2515 732 2616 praedictum
754 2518 900 2606 locum,
926 2517 1061 2618 absque
1083 2519 1155 2591 ulla
1177 2518 1363 2591 exactione
1384 2517 1533 2615 alicujus
1557 2515 1691 2590 telonei
1703 2568 1714 2603 ,

326 2636 456 2712 amodo
489 2654 525 2711 et
554 2665 667 2738 usque
702 2642 743 2712 in
770 2640 1045 2739 sempiternum.
1079 2640 1212 2714 Actum
1239 2639 1457 2738 Rotomagi,
1489 2637 1607 2737 pridie
1639 2624 1718 2708 idus

324 2755 510 2846 octobris,
535 2760 574 2830 in
595 2761 785 2857 praesentia
805 2759 937 2833 domni
958 2762 1117 2834 Maurilii
1146 2758 1430 2858 archiepiscopi,
1457 2755 1655 2831 astantibus
1682 2774 1718 2830 et

323 2877 528 2950 faventibus
563 2882 768 2971 canonicis,
802 2880 996 2957 Benedicto
1028 2881 1306 2972 archidiacono,
1342 2878 1516 2980 Stigando
1545 2895 1717 2970 cantore,

322 2997 514 3074 Godberto
526 3003 721 3088 canonico,
739 3001 919 3077 Landrico
936 3005 1131 3090 canonico,
1147 3001 1379 3077 Walchelino
1397 3004 1593 3094 canonico,
1607 3001 1718 3075 VVil·

326 3120 454 3209 lelm03
473 3123 659 3198 monachis
674 3126 800 3213 etiam,
820 3125 1060 3201 VValeranno
1078 3125 1276 3225 praeposito
1293 3122 1446 3213 Gisiaci,
1461 3122 1628 3198 'leduino
1644 3122 1719 3192 fra-

310 3257 381 3314 tre
394 3245 468 3341 ejus
473 3273 488 3334 3
506 3244 626 3335 laicis,
645 3242 830 3322 Gelduiuo
847 3249 1003 3348 maj0re‚
1023 3246 1187 3322 Deodato
1196 3301 1208 3338 ,
1224 3241 1432 3321 Goiaberto.
1451 3273 1468 3311 a

783 3479 1151 3575 CAPITULUM
1185 3486 1260 3573 LI.

657 3681 701 3741 De
715 3683 827 3762 pascuis
842 3702 904 3763 quae
921 3680 1201 3741 vetabatTeduinus
1216 3682 1386 3741 vicecomes.

373 3915 395 3954 a
411 3887 453 3958 ln
468 3883 539 3972 Dei
550 3882 712 3956 nomine.
738 3883 815 3983 Ego
835 3882 1041 3973 teduinus,
1064 3884 1262 3958 vicecomes
1283 3883 1389 3956 castri
1407 3880 1608 3971 Mellentis,
1636 3881 1720 3955 volo
1745 3891 1921 3943 Actu-10⁷⁰·

325 4022 456 4081 notum
478 4005 555 4079 fieri
579 4004 750 4080 omnibus
772 4021 845 4078 tam
864 4004 1102 4105 praesentibus
1119 4033 1229 4108 quam
1244 4004 1379 4079 futuris
1390 4056 1401 4091 ,
1428 4005 1602 4104 quoniam
1628 4029 1720 4078 con-

325 4128 551 4203 suetudinem
571 4127 687 4216 illam‚
711 4154 822 4229 quam
842 4144 988 4201 actenus
1016 4129 1147 4228 injuste
1171 4129 1209 4201 in
1234 4142 1328 4200 terra
1343 4151 1423 4198 mea
1441 4126 1541 4198 tenui
1553 4180 1564 4213 ,
1578 4124 1719 4199 scilicet

325 4249 493 4324 vetuendi
513 4276 640 4349 pascua
660 4249 784 4322 bestiis
805 4249 927 4323 Sancti
948 4252 1045 4323 Petri
1068 4250 1280 4324 Gisiaoensis
1292 4302 1304 4338 ,
1329 4274 1439 4349 quam
1461 4248 1592 4346 injuste
1614 4264 1719 4321 tene·

325 4371 408 4446 bam
421 4426 432 4461 ,
455 4398 539 4445 cum
553 4398 635 4446 meo
652 4370 729 4447 filio
746 4369 930 4463 Gualteri,
954 4374 1183 4473 praenomine
1199 4387 1321 4445 autem
1337 4386 1547 4469 noncupato
1560 4371 1715 4467 Pagano,
1789 4395 1792 4400 ·

324 4492 521 4565 astantibus
534 4492 714 4592 plurimis,
728 4509 813 4565 ante
825 4494 934 4567 altare
947 4492 1104 4593 ejusdem
1118 4494 1239 4568 Sancti
1252 4493 1349 4566 Petri
1363 4491 1565 4565 Gesiaeensi
1577 4486 1696 4561 dimisi
1703 4518 1715 4579 5

325 4641 365 4688 ac
375 4612 608 4714 postmodum
622 4611 831 4713 deprecatus
840 4642 921 4687 sum
929 4614 1126 4692 monachos
1142 4616 1212 4692 loci
1227 4617 1352 4715 ipsius,
1363 4628 1405 4684 ut
1415 4613 1616 4686 Carnotum
1631 4637 1717 4709 per-

326 4745 453 4836 gerent
483 4734 676 4838 abbatique
705 4739 914 4825 monasterii
946 4737 1067 4812 Sancti
1101 4739 1219 4827 Petri,
1251 4735 1417 4811 videlicet
1443 4731 1648 4822 mudrico,
1681 4748 1718 4806 et

370 4957 376 4984 ¹
390 4948 467 5008 Obiit
477 4948 632 5008 Maurilius
648 4948 878 5031 archiepiscopus
892 4972 920 5010 a.
942 4947 1027 5033 1067.

1528 5047 1569 5082 ,α
