4462 6120
739 736 777 806 S.
797 730 940 837 ertum
964 732 1302 806 CARNOTENSIS.
1664 734 1709 803 at

324 880 481 956 voluerit
507 882 550 954 ut
576 880 621 954 de
644 879 750 981 hujus
776 882 979 982 largitionis
1005 895 1141 957 nostrae
1165 875 1503 984 dono-‚snbtrahere
1526 876 1714 978 quipiam*

325 1019 474 1103 conatus
490 1002 622 1094 fuerit,
649 1004 811 1105 quandiu
834 1007 873 1077 in
891 1004 957 1078 ha'c
974 1004 1133 1091 voluerit
1149 1012 1317 1105 perstate
1328 997 1717 1092 ›voluntate,anatbe·

324 1126 429 1197 matis
455 1125 583 1218 baculo
601 1107 809 1226 percussus,
834 1125 880 1199 ab
905 1126 1247 1229 omnipotentilleo
1273 1120 1476 1225 separatus,
1505 1121 1657 1203 luania
1678 1137 1718 1194 et

325 1243 486 1344 Sopbirae
510 1254 638 1333 morte
655 1248 845 1334 multetur.
864 1249 951 1321 Haec
970 1273 1058 1323 vero
1083 1246 1241 1361 copula}
1253 1264 1305 1320 θιιι
1330 1246 1470 1320 firmior
1486 1229 1715 1345 permaneat,

325 1372 611 1480 manu-propria
627 1370 997 1459 subterfirmavimus,
1024 1387 1061 1444 et
1079 1360 1344 1444 manibus·'⁴tam
1362 1369 1585 1444 ¹clericorum
1607 1376 1719 1468 quam

325 1487 488 1563 fidelium
514 1494 728 1588 nostrorum
740 1494 911 1567 manibus
923 1547 934 1584 ,
956 1479 1202 1568 roborairdam
1225 1484 1452 1566 tradidimus.
1474 1492 1608 1565 Actum
1628 1490 1718 1572 Gar-

325 1613 424 1684 notis
447 1612 592 1712 publice
614 1617 654 1688 in
675 1595 787 1690 domo
801 1616 928 1688 matris
950 1615 1133 1688 oecclesiae.
1154 1615 1318 1713 Aganus,
1343 1612 1489 1686 humilis
1515 1613 1715 1712 episcopus.

326 1731 511 1825 Graulfus,
531 1729 784 1812 subdiaconus.
802 1735 1006 1824 Alcharius,
1029 1735 1220 1835 presbiter.
1241 1735 1364 1811 Ganzo
1376 1789 1387 1823 ,
1410 1733 1602 1836 presbiter.
1623 1734 1720 1833 Sug·

325 1858 460 1955 gerius,
480 1861 692 1934 canonicus·
718 1856 945 1950 Lambertus,
970 1859 1177 1931 canonicus.
1202 1859 1419 1948 Bernardus',
1443 1854 1633 1956 presbiter.
1656 1856 1721 1930 Gi-

325 1977 497 2068 roardus,
522 1979 783 2054 vicedominus.
807 1980 943 2077 Aymo,
969 1970 1216 2067 Barchardus,
1243 1980 1324 2051 laici
1339 1990 1364 2051 ¹.
1384 2021 1433 2036 -
1449 1976 1551 2053 Alios
1573 2003 1721 2080 quoque

326 2126 464 2198 ponere
478 2118 660 2201 pertesum
672 2101 758 2174 fuit.
778 2129 798 2168 n
1333 2107 1336 2111 ’

261 2227 268 2246 ’
375 2227 401 2317 §
426 2249 461 2294 2.
483 2223 545 2296 Set
564 2222 634 2298 hoc
654 2224 792 2322 quippe
811 2224 967 2296 inserere
990 2222 1144 2324 dignum
1163 2222 1269 2311 duxi,
1292 2222 1392 2324 quod
1412 2237 1509 2296 terra
1531 2222 1721 2324 illaquam

325 2343 522 2443 praedictus
545 2346 690 2444 Aganus
713 2344 847 2444 praesul
867 2343 984 2433 dedit,
1010 2364 1242 2446 nuncusque
1263 2342 1306 2416 ad
1329 2349 1462 2417 'terram
1481 2344 1604 2417 Sancti
1620 2345 1722 2418 Mar-

328 2468 417 2554 tini,
436 2466 598 2540 fidelium
619 2465 724 2560 donis
740 2466 904 2555 dilatata,
923 2469 1168 2566 procreditur.
1187 2467 1412 2541 Dividuntur
1429 2492 1514 2542 vero
1531 2493 1552 2539 a
1568 2465 1723 2568 quadam

326 2591 383 2661 ria
395 2642 405 2676 ,
431 2615 514 2690 quae
531 2588 715 2662 descendit
737 2616 757 2661 a
780 2591 878 2691 regia
902 2605 1031 2679 strata,
1055 2595 1163 2690 super
1181 2589 1342 2696 clausum
1365 2604 1538 2664 nostrum.
1555 2588 1723 2663 euntiad

329 2713 449 2783 vicum
473 2712 595 2785 Sancti
621 2714 793 2802 Martini,
824 2739 938 2814 usque
968 2713 1012 2787 ad
1036 2730 1182 2813 portam
1206 2713 1323 2788 nostri
1352 2713 1441 2802 vici,
1459 2710 1598 2815 ibique
1615 2719 1723 2784 'terra

329 2833 450 2906 Sancti
470 2835 637 2923 Martini3
662 2833 705 2908 ad
718 2834 883 2908 dextram
904 2837 1122 2908 intrantium
1144 2837 1285 2924 vicum,
1313 2861 1426 2936 usque
1447 2830 1491 2915 ad
1508 2833 1742 2908 Guest'raudi.

327 2959 502 3053 puteum-³
528 2955 745 3046 inclavatur,
772 2982 945 3058 pergens,
970 2960 1064 3030 sicut
1079 2956 1279 3033 ostendunt
1303 2958 1413 3058 positi
1439 2956 1597 3057 lapides,
1612 2961 1725 3057 usque

329 3077 374 3149 ad
402 3076 601 3151 Auduram.
632 3079 745 3151 Terra
777 3094 899 3153 autem
931 3080 1053 3153 Sancti
1083 3082 1179 3153 Petri
1212 3081 1344 3152 transit
1373 3080 1510 3155 flumen
1543 3062 1725 3180 usquead

329 3201 441 3272 sancti
469 3201 685 3295 Launomari
715 3182 869 3289 terrani,
901 3201 1394 3301 quae‘tantummodo'radit
1419 3199 1600 3303 usquead
1629 3201 1724 3273 riam

329 3321 533 3420 publicam,
558 3350 671 3424 aqua
696 3316 830 3396 iterum
857 3323 987 3423 incipit
1012 3324 1132 3396 Sancti
1162 3323 1259 3413 Petri
1284 3337 1405 3421 terra,
1424 3327 1501 3423 jam
1524 3320 1724 3398 fructiferis

330 3445 443 3518 vineis
464 3445 631 3544 impleta,
657 3445 892 3545 tenditurque
908 3443 985 3519 sere
1004 3456 1123 3545 usque.
1144 3444 1188 3517 ad
1209 3470 1354 3518 crucem
1378 3472 1461 3547 quae
1488 3462 1543 3518 est
1565 3445 1604 3518 in
1626 3443 1724 3518 'atrio

329 3568 443 3640 sancti
474 3568 709 3665 Bartolomei.
740 3569 842 3642 Hanc
868 3569 988 3671 itaque
1017 3574 1151 3640 terram
1176 3577 1250 3642 tam
1274 3566 1427 3643 liberam
1451 3567 1569 3643 voluit
1590 3555 1724 3640 Sancto

329 3691 439 3765 Petro
466 3692 504 3763 in
527 3690 792 3765 monachorum
808 3698 899 3779 ‘uem
921 3690 1177 3790 stipendiarios
1189 3692 1322 3791 largiri
1350 3680 1726 3790 venerabilisfpraesul

330 3811 602 3911 Ilagenfredus,
630 3829 672 3885 ut
703 3813 824 3885 nullus
854 3829 1001 3897 exactor
1022 3813 1159 3911 ,ariade
1186 3840 1335 3888 censum
1360 3816 1417 3888 rel
1445 3813 1621 3888 decimam
1648 3811 1726 3887 eri-

331 3932 468 4033 gendo,
489 3933 675 4009 monachis
696 3935 807 4008 ullam
827 3935 1115 4036 inquietudinem
1138 3937 1285 4012 faceret.
1305 3939 1349 4010 ln
1365 3964 1437 4038 qua
1454 3939 1569 4011 etiam⁴
1581 3933 1724 4035 presul,

331 4081 413 4128 cum
441 4055 608 4130 Arduino
631 4057 744 4131 fratre
771 4084 851 4150 suo,
878 4057 953 4165 lere
983 4086 1050 4131 xm
1082 4061 1278 4160 aripennos
1301 4062 1417 4133 vineae
1441 4057 1630 4158 plantavit.
1661 4055 1727 4127 Al-

374 4264 383 4290 ¹
407 4252 452 4313 lta
465 4253 529 4313 cod.
546 4276 599 4334 pro
613 4255 773 4338 quidpiam.
870 4313 871 4316 ,
1046 4259 1147 4318 rabilis
1161 4256 1366 4340 Rageasredus
1376 4256 1492 4339 proesul
1503 4254 1660 4326 sacoma,
1676 4255 1727 4336 qui
1751 4288 1756 4296 ·

372 4359 383 4384 ¹
406 4349 476 4424 Quae
496 4354 656 4432 sequuntur
673 4355 779 4413 omittit
796 4353 887 4412 codex
901 4352 942 4427 B,
959 4356 1009 4433 qui
1046 4338 1256 4437 quamnamore
1264 4355 1357 4414 locum
1366 4348 1726 4436 dlleaedtseq'uantiopctr

332 4445 447 4504 brevem
459 4447 506 4505 hic
517 4448 617 4507 inserit
625 4450 1010 4508 commemorationemaFe-
1040 4465 1137 4533 patest
1147 4455 1275 4533 agnosci.
1539 4499 1541 4503 .
1680 4484 1703 4509 ·.

333 4544 383 4601 lici
397 4545 493 4625 itaqua
509 4543 587 4607 obitu
597 4543 639 4603 ad
648 4516 811 4604 sanctolum
821 4546 963 4603 consortia
975 4544 1010 4601 da
1087 4540 1214 4609 ³Putens
1225 4531 1400 4615 Guesmaudi
1411 4551 1464 4628 [sic
1475 4550 1505 4608 iu
1517 4549 1610 4624 coda),
1622 4547 1725 4629 gallice

332 4641 433 4699 maadi
447 4640 534 4720 bajus
545 4643 651 4725 pelago
666 4641 704 4702 ab
718 4643 838 4737 araga-lp.
850 4643 1008 4712 votulato,
1046 4649 1074 4707 le
1085 4650 1168 4731 paics
1187 4649 1370 4720 Gustata,
1386 4648 1458 4708 situs
1470 4659 1531 4707 erat
1544 4649 1574 4706 in
1586 4645 1726 4731 ‚parocbia

333 4758 436 4819 corpus
446 4736 510 4816 ejus
522 4740 552 4797 in
562 4739 685 4798 coenabit>
695 4738 800 4799 Sancti
810 4734 894 4800 Pdrt‘
903 4753 947 4799 es!
957 4738 1011 4798 du·
1043 4743 1141 4833 Sancti
1155 4745 1264 4821 Brixii,
1280 4747 1327 4806 via
1342 4745 1393 4805 des
1409 4745 1576 4827 Basbourgs
1582 4788 1593 4816 ,
1607 4745 1727 4824 jamque

335 4848 453 4894 matum.
473 4837 509 4894 In
525 4858 580 4918 quo
598 4835 780 4911 Gamelmus,
791 4839 907 4921 pwul
923 4859 1011 4898 aaa*
1044 4836 1151 4901 Domni
1178 4841 1280 4924 Muley
1302 4855 1452 4923 tempore,
1477 4839 1538 4899 sari
1565 4837 1726 4921 fragmemo

334 4932 451 5006 rabilis,
467 4936 497 4993 in
511 4956 624 5017 corpore
639 4937 788 5018 requiescit
796 4960 808 5008 ,·
824 4938 906 5020 eique
923 4959 1012 4998 acne·
1046 4937 1167 4999 clausus.
