4462 6120
737 749 775 820 S.
800 746 942 821 PETRI
966 743 1304 818 GARNOTENSIS.
1640 744 1709 815 tos

327 893 382 966 bis
400 917 558 992 quorum
580 893 731 966 nomina
757 892 983 966 subscribere
1003 889 1263 962 mundavimus.
1290 889 1394 960 Prius
1420 913 1508 962 vero
1534 889 1711 988 assignare

326 1015 541 1102 curavimus,
555 1016 639 1114 quia
651 1014 831 1103 Giraldus,
846 1013 1040 1114 supradicti
1054 1011 1244 1112 presbiteri
1259 1011 1366 1099 filius,
1382 1012 1525 1084 adnisus
1539 1028 1592 1088 est
1603 1011 1712 1083 recla-

324 1160 423 1210 mare
435 1135 503 1209 sibi
516 1136 848 1234 suprodictaetcrrae
861 1153 1019 1236 partem3
1037 1152 1110 1222 set,
1129 1135 1317 1209 convictos
1334 1135 1373 1205 in
1390 1134 1489 1205 curia
1504 1133 1549 1206 de
1564 1133 1712 1206 Molinis

324 1259 451 1348 castri,
478 1235 600 1334 cor'am
620 1258 753 1333 domna
778 1260 886 1360 ipsius
910 1257 1015 1331 <astri
1040 1255 1235 1343 Albercda,
1258 1256 1394 1329 scilicet
1416 1255 1489 1328 filia
1510 1254 1711 1328 Guimundi

323 1380 469 1468 Felicis,
488 1380 625 1454 donum
643 1381 770 1480 etipse
787 1381 909 1480 posuit
926 1405 1035 1478 super
1051 1379 1161 1451 altare
1167 1431 1179 1466 ,
1200 1376 1334 1452 habens
1349 1378 1433 1451 inde
1450 1377 1712 1479 quinquaginta

323 1500 468 1574 solidos.
488 1503 600 1600 Cujus
612 1504 664 1574 rei
682 1518 789 1574 testes
804 1515 892 1573 sunt
907 1501 944 1572 hi
962 1531 971 1572 ε
987 1499 1108 1573 Guido
1122 1499 1314 1599 presbiter,
1335 1497 1528 1573 fulbertus
1543 1497 1587 1570 de
1603 1498 1712 1570 Plan·

324 1623 387 1709 cis,
400 1620 599 1695 llcrbertus
611 1622 657 1694 de
668 1622 870 1710 Melicurtc,
885 1622 1080 1694 Seirannus
1093 1621 1137 1694 de
1151 1622 1305 1709 Plancis,
1321 1619 1508 1694 Restaldus
1519 1619 1711 1708 mediator,

324 1741 534 1828 Corbellus,
555 1741 770 1816 Guillelmus
785 1743 937 1830 vinitor,
960 1741 1142 1817 Turpidus
1158 1741 1333 1830 famulus,
1352 1740 1576 1816 VVillelmus
1593 1742 1715 1812 Canu·

324 1877 401 1952 tus,
420 1862 644 1938 VVillelmus
663 1863 708 1937 de
729 1862 871 1964 Aspris5
893 1863 1139 1953 VVillelmus,
1165 1863 1261 1934 lilius
1280 1863 1447 1950 Milonis3
1466 1860 1653 1934 Ebrnrdus
1670 1862 1715 1933 de

324 1984 440 2083 Ruga.
459 2014 477 2054 u

702 2118 1071 2208 CAPITuLUM
1105 2116 1335 2205 XXXVI.

549 2405 553 2413 -
630 2363 674 2422 De
689 2364 813 2423 ccclesia
831 2363 914 2422 Villoe
928 2362 1072 2436 villonis,
1090 2383 1123 2420 ac
1137 2361 1174 2420 de
1187 2375 1263 2420 tem
1278 2360 1318 2420 ibi
1332 2361 1409 2422 data.

375 2623 394 2663 u
408 2595 451 2666 ln
468 2595 617 2668 nomine
633 2609 765 2666 sauctae
782 2611 818 2666 et
836 2592 1029 2666 individuae
1046 2593 1250 2666 Trinitatis.
1271 2593 1351 2694 Ego
1368 2592 1468 2683 odo,
1487 2592 1583 2666 filius
1597 2587 1715 2665 Guaz·
1740 2622 1807 2667 suns
1822 2617 1891 2668 ruse.

324 2714 443 2801 zonis,
463 2731 595 2788 notum
610 2739 683 2786 esse
703 2713 808 2801 volo,
829 2729 904 2789 tam
920 2713 1160 2812 praesentibus
1176 2713 1347 2816 omnibus
1363 2739 1472 2814 quam
1490 2712 1715 2786 succedenti-

325 2833 414 2923 bus,
439 2836 523 2934 quia
547 2860 687 2908 memor
713 2833 827 2907 divini
853 2835 989 2936 eloquii
1012 2834 1166 2909 dicentis
1190 2867 1199 2908 ε
1223 2837 1340 2925 Date,
1366 2852 1400 2907 et
1424 2834 1576 2907 dabitur
1593 2834 1712 2924 vobis,

326 2958 418 3055 ipsc,
438 2958 605 3055 inquam,
623 2983 690 3054 pro
708 2956 820 3030 seluto
837 2957 966 3030 animae
984 2983 1074 3029 meae
1091 2983 1131 3029 ac
1148 2959 1329 3056 conjugis,
1349 2981 1393 3029 cx
1409 2955 1612 3044 beneficiis,
1633 2981 1715 3056 quae

325 3078 480 3178 denique
501 3078 749 3176 temporaliter
770 3075 949 3177 possidere
965 3076 1109 3164 videor,
1132 3079 1346 3165 aecclesiam,
1366 3103 1448 3178 quae
1465 3077 1554 3150 olim
1570 3076 1718 3177 quidem

325 3201 390 3272 sita
408 3216 462 3272 est
479 3199 517 3270 in
534 3198 617 3273 loco
634 3200 699 3299 qui
715 3214 867 3273 vocatur
883 3197 977 3272 Villa
994 3198 1168 3287 Villonis,
1188 3224 1287 3271 nunc
1307 3224 1414 3286 vcro,
1442 3198 1717 3269 imminentibus
1846 3217 1853 3229 ·

325 3321 427 3394 mulis
434 3373 446 3410 ,
461 3319 505 3392 ad
519 3319 697 3393 nichilum
713 3319 910 3408 redactam,
926 3346 1010 3395 com
1026 3338 1123 3393 terra
1134 3346 1175 3392 ac
1189 3319 1325 3393 decium
1339 3318 1383 3392 sd
1396 3319 1591 3391 aecclesiam
1603 3321 1719 3416 perti-

325 3444 426 3516 nenti
436 3496 448 3531 ,
466 3458 671 3542 terramque
687 3442 792 3515 alium
810 3445 919 3516 unius
934 3421 1068 3543 (arani,
1087 3459 1211 3518 sancto
1228 3442 1338 3516 Petro
1355 3457 1462 3541 atque
1478 3438 1599 3513 abbati
1618 3443 1716 3519 Lan-

325 3565 428 3638 drico
443 3563 703 3664 monachisque
715 3568 792 3663 ejus
806 3569 889 3665 jure
904 3565 1155 3665 possidendam
1169 3564 1315 3652 tribuo;
1336 3563 1542 3664 Agobcrto,
1565 3589 1717 3637 venera·-

325 3685 391 3758 bili
421 3687 610 3786 episcopo,
638 3703 845 3776 annuente,
876 3714 1021 3764 necnon
1048 3688 1270 3764 nobilissima
1292 3687 1426 3762 domna
1454 3712 1533 3761 mcc
1560 3683 1718 3759 Mehildc

326 3824 434 3908 atque
448 3811 525 3907 ejus
540 3807 618 3882 lilio
631 3808 857 3898 vvillelmo,
872 3809 1062 3913 dequibus
1077 3810 1113 3883 id
1126 3809 1304 3911 possideo.
1320 3812 1421 3882 Hanc
1433 3807 1581 3910 quidem
1594 3807 1718 3881 mocle-

326 3931 412 4002 siam
434 3928 623 4002 Psicherius
640 3929 788 4030 quidam
809 3933 910 4007 miles
930 3949 1078 4007 actenus
1098 3960 1143 4007 cx
1159 3959 1220 4006 me
1237 3933 1372 4020 tenuit3
1391 3947 1464 4019 set,
1483 3954 1579 4002 nme
1601 3954 1719 4029 nuper

325 4053 497 4149 peccunia
510 4067 669 4150 accepta,
687 4078 766 4124 cam
779 4051 891 4125 michi
904 4055 1062 4126 reddidit
1076 4054 1114 4124 in
1130 4067 1326 4152 conspectu
1339 4053 1583 4151 plurimorum
1600 4051 1717 4125 bomi-

326 4199 436 4260 num,
461 4172 506 4246 de
526 4171 659 4272 quibus
680 4175 718 4244 in
742 4174 991 4248 testimonium
1011 4201 1144 4274 paucos
1160 4173 1382 4246 subscribam
1403 4204 1412 4243 ε
1431 4170 1656 4245 Bcrnardum
1673 4171 1718 4246 do

326 4295 448 4381 Buslo;
467 4290 681 4384 Rodulfum,
692 4293 808 4366 lilium
820 4297 1012 4395 llungerii3
1027 4294 1261 4370 Gausfridum
1269 4295 1315 4369 de
1326 4294 1467 4381 Braiao,
1482 4292 1718 4367 Guillelnrum

326 4417 582 4517 praepositum
611 4414 828 4505 Raduffum,
855 4417 972 4490 filium
992 4416 1214 4518 leodegarii.
1243 4420 1408 4513 Quorum
1424 4416 1532 4490 ctiam
1549 4416 1718 4490 consultu

327 4539 567 4639 supradictam
583 4536 818 4612 donationem
835 4537 918 4628 feci,
934 4558 977 4612 ut
990 4538 1159 4631 habeam,
1178 4539 1345 4613 videlicet
1363 4539 1439 4639 ipse
1454 4555 1492 4612 et
1509 4563 1604 4611 uxor
1618 4561 1715 4625 mea,

328 4661 477 4734 nomine
499 4657 774 4759 Ermcnganlis,
792 4687 836 4734 ex
856 4660 921 4734 lico
936 4660 995 4736 die
1010 4679 1047 4736 et
1063 4660 1248 4763 deinceps,
1268 4661 1533 4739 beneficiorum
1552 4659 1722 4757 suffragiu?

328 4800 365 4857 ct
383 4782 889 4885 orationumgnonacbom.
909 4783 1019 4882 Quod
1039 4786 1068 4857 si
1084 4781 1173 4858 alibi
1194 4785 1261 4884 ipsi
1284 4783 1413 4857 melius
1430 4780 1589 4855 viderint
1610 4802 1719 4881 supm

328 4919 564 4978 manentem
593 4904 790 4978 aecclesiam
818 4903 1093 4980 reedificandam
1120 4933 1213 4998 csse,
1238 4906 1303 4979 nbi
1329 4905 1515 4980 voluerint
1526 4932 1545 4993 ,’
1564 4901 1604 4976 in
1625 4927 1719 5002 opus
