4426 6120
420 721 550 818 xxxviij
914 708 1304 806 enoancoueues.

476 870 542 948 On
559 871 604 949 lit
620 869 719 951 dans
740 901 816 952 une
838 874 974 955 charte
989 876 1042 955 du
1058 878 1117 958 n1e
1134 880 1268 977 siecle,
1286 909 1363 992 que
1379 884 1558 989 Hugues,
1576 889 1804 968 surnonrme

420 1011 710 1110 BronteSnule‚
727 1033 847 1121 ayant
862 1014 998 1098 donne'
1016 1047 1092 1098 aux
1116 1024 1267 1100 moines
1287 1019 1337 1101 de
1353 1021 1591 1105 saint-Pero
1609 1056 1664 1105 un
1685 1047 1803 1135 quart
1866 1090 1869 1093 .

419 1149 518 1227 dans
538 1151 573 1229 le
594 1151 733 1257 village
748 1150 798 1230 de
820 1155 955 1253 Guiri,
978 1156 1063 1234 leur
1079 1158 1191 1236 laissa
1213 1187 1267 1238 un
1294 1160 1387 1241 hdte
1407 1190 1456 1239 en
1478 1165 1589 1268 signe
1605 1164 1803 1245 d’investi·

420 1293 549 1365 toret.
587 1353 590 1357 .

936 1501 1099 1554 aoselras
1115 1504 1277 1556 Plaustra.

476 1678 541 1759 29.
574 1684 648 1761 Les
665 1683 833 1790 hospites
844 1687 1020 1792 plenarii
1033 1683 1082 1764 de
1099 1686 1344 1784 Sunt-Pete,
1363 1688 1463 1769 dont
1483 1691 1510 1769 il
1533 1710 1592 1770 est
1616 1696 1801 1799 question

416 1846 463 1896 en
477 1820 665 1928 quelques
679 1819 888 1919 endroits²‚
906 1821 1065 1920 etaient,
1077 1825 1117 1932 je
1130 1852 1263 1930 pense,
1279 1827 1333 1905 les
1345 1823 1460 1908 hotes
1473 1830 1542 1939 qui
1559 1857 1608 1908 ne
1620 1828 1801 1911 devaient

416 1952 485 2033 des
504 1975 635 2037 rentes
653 1977 693 2038 et
709 1956 778 2042 des
794 1963 960 2039 services
983 1958 1072 2069 qu’is
1094 1980 1194 2042 cette
1215 1963 1384 2070 abbaye,
1400 1984 1439 2044 et
1463 1966 1549 2075 qui,
1574 1994 1646 2072 par
1667 1967 1801 2045 eonse-

415 2112 556 2197 quent,
573 2095 720 2174 e'taient
742 2097 981 2205 pleinernent
1004 2115 1043 2177 et
1067 2101 1324 2206 uniquenrent
1338 2101 1395 2178 les
1410 2099 1524 2181 hdtes
1540 2100 1608 2180 des
1626 2103 1798 2198 moines;

415 2228 547 2309 randis
571 2259 647 2338 que
663 2231 718 2310 les
733 2263 813 2311 non
825 2235 1022 2340 plenarii,
1045 2233 1147 2312 dont
1167 2236 1193 2312 il
1219 2253 1277 2314 est
1300 2236 1373 2315 fait
1399 2239 1578 2317 mention
1603 2238 1798 2335 ailleurs³,

414 2367 561 2445 etaient
576 2368 630 2445 les
647 2367 760 2446 hdtes
776 2370 845 2474 qui
862 2397 910 2446 ne
927 2369 1011 2446 leur
1026 2374 1330 2475 appartenaient
1341 2372 1457 2482 qu’en
1469 2376 1609 2480 partie.
1628 2376 1702 2455 Les
1713 2403 1801 2482 pre-

415 2504 532 2579 miers
547 2519 639 2581 sont
651 2500 808 2598 definis,
825 2502 924 2581 dans
933 2505 997 2583 Du
1012 2502 1158 2611 Gange,
1176 2533 1273 2585 ceux
1285 2508 1353 2614 qui
1368 2526 1462 2587 sont
1475 2508 1799 2617 obligesirtoutes

414 2640 469 2719 les
483 2638 699 2718 servitudes
714 2638 941 2719 inhe'rentes
955 2637 977 2719 ir
993 2640 1029 2719 la
1044 2641 1251 2727 condition
1268 2639 1417 2740 d’hote;
1434 2647 1532 2725 mais
1544 2662 1645 2725 cette
1661 2643 1800 2724 delini-

415 2779 499 2855 tinn
518 2806 568 2858 ne
583 2805 644 2856 me
658 2782 789 2885 paruit
807 2807 876 2883 pas
892 2796 1028 2857 exacte
1039 2781 1066 2856 ⁴.

458 3081 464 3106 ¹
484 3072 516 3129 P.
536 3074 648 3147 189,1.
666 3076 710 3148 2..
1123 3080 1197 3136 ciam
1215 3090 1325 3156 partem
1339 3079 1490 3161 agripenni
1508 3090 1583 3135 terre
1597 3078 1634 3136 ad
1648 3079 1799 3159 hospitali-

454 3168 511 3232 ²1³.
529 3173 584 3233 201
604 3183 633 3229 et
645 3172 716 3233 625-
1122 3175 1199 3231 cium
1224 3196 1307 3232 suurn
1328 3173 1452 3232 habebit.
1482 3173 1517 3231 ln
1541 3173 1698 3254 hospitibus
1718 3190 1746 3233 et
1768 3179 1796 3235 in

453 3266 464 3303 ³
480 3266 511 3324 P.
528 3268 607 3340 639,
625 3269 644 3326 l.
663 3269 711 3328 13.
1122 3270 1306 3352 hospitalieiis
1321 3291 1435 3344 eorum,
1449 3271 1521 3328 sicut
1535 3270 1727 3350 supradictum
1742 3285 1796 3344 est,

451 3366 464 3412 4
478 3361 1086 3447 Lapiecesuivente,quiestdel'an1140
1122 3366 1213 3425 nichil
1231 3365 1323 3425 hubeo
1341 3386 1394 3423 nec
1408 3365 1526 3425 heredes
1540 3367 1616 3440 mei,
1640 3387 1692 3425 nec
1709 3367 1797 3444 justi·

411 3467 550 3536 environ,
575 3477 643 3544 peut
658 3466 747 3524 servir
765 3467 781 3522 ir
801 3463 871 3522 loire
891 3465 1037 3520 eonnaltre
1058 3461 1084 3519 ln
1121 3463 1195 3520 ciam
1208 3482 1261 3520 nec
1273 3462 1371 3535 aliud,
1387 3464 1444 3522 nisi
1459 3460 1640 3521 medietatem
1657 3462 1753 3535 lurni,
1769 3477 1797 3521 et

411 3563 556 3621 condition
573 3562 622 3620 des
635 3562 724 3620 hdtes.
1120 3561 1302 3640 quartarium
1313 3582 1404 3619 unum
1419 3581 1471 3641 per
1487 3581 1614 3631 annum,
1631 3572 1660 3618 et
1671 3560 1796 3618 talleiem

1120 3670 1223 3738 quarto
1243 3680 1337 3729 ann0;
1359 3658 1395 3717 de
1413 3658 1518 3737 quihus
1533 3657 1647 3737 plenius
1664 3679 1716 3716 suo
1733 3659 1796 3716 loeo

1121 3755 1241 3819 dicetur.
1267 3755 1355 3815 Terra
1377 3776 1444 3816 vero
1462 3750 1618 3827 forinseca,
1640 3776 1697 3834 que
1717 3768 1796 3815 extre

454 3879 467 3902 «ι
482 3849 517 3908 Ιιι
532 3850 647 3909 nomine
666 3863 763 3907 sancte
780 3863 808 3907 et
823 3849 971 3908 individue
984 3849 1086 3908 Trini-
1120 3848 1299 3930 hospitalicia
1310 3863 1363 3924 est,
1376 3865 1403 3910 et
1413 3849 1795 3931 quicquidindeproveniu,

410 3946 486 4003 tatis.
509 3945 574 4026 Ego
589 3946 652 4005 Odo
673 3945 795 4004 Borrelli
810 3945 847 4004 de
862 3944 1017 4005 Curtalano
1021 3990 1081 4008 .....
1120 3968 1272 4005 commune
1286 3949 1340 4007 erit
1353 3950 1486 4007 interme
1502 3961 1530 4007 et
1545 3947 1665 4007 heredes
1676 3966 1753 4005 meos
1768 3959 1796 4003 et

409 4043 484 4103 dono
500 4044 562 4103 Deo
573 4057 600 4103 et
615 4045 759 4105 canonicis
771 4044 854 4105 beate
869 4043 961 4103 Mario
977 4043 1086 4105 Cerno·
1119 4044 1272 4105 canonicos
1292 4067 1300 4101 r
1317 4043 1453 4105 videlieet
1473 4048 1644 4128 terragium,
1664 4043 1794 4113 decima,

409 4144 496 4201 tensis
511 4145 609 4201 matris
624 4142 763 4213 ecclesie,
784 4156 813 4201 et
833 4142 969 4202 Rieherio
987 4143 1085 4203 archi·
1119 4140 1226 4212 oblite,
1241 4140 1440 4212 venditiones,
1456 4163 1560 4202 census
1573 4153 1735 4222 pratorum,
1752 4139 1795 4198 lo·

409 4237 529 4296 diacono
533 4284 596 4302 .....
631 4240 781 4300 duodecim
807 4236 977 4300 carrucatas
995 4254 1083 4312 terre,
1118 4236 1616 4320 rilecta,emendationesetplacita.
1629 4239 1795 4312 Queemen·

408 4357 642 4417 unamquemque
677 4360 778 4398 novem
808 4337 1015 4410 nodieturum,
1052 4340 1082 4397 in
1119 4334 1248 4395 dationes
1262 4350 1290 4396 et
1304 4335 1408 4416 placitu
1423 4337 1551 4420 predicte
1563 4349 1638 4397 terre
1654 4335 1694 4393 ihi
1708 4335 1793 4404 fient,

407 4434 478 4493 silva
492 4456 548 4515 que
564 4449 680 4497 vocetur
692 4435 811 4501 Gaudus
821 4436 918 4497 Sancti
928 4436 1082 4516 Stephani,
1118 4445 1147 4492 et
1169 4455 1227 4494 non
1252 4433 1338 4507 alibi,
1372 4455 1425 4515 per
1450 4435 1587 4511 majorem
1613 4452 1793 4492 communem

408 4544 435 4590 et
452 4533 505 4613 ipsi
526 4534 738 4592 communicant
759 4533 829 4591 mihi
850 4532 989 4593 decimam
1004 4535 1082 4610 ejus-
1117 4528 1245 4606 ejusdem
1264 4541 1346 4590 terre.
1366 4533 1480 4591 Furnus
1497 4551 1564 4590 vero
1582 4529 1617 4589 de
1635 4551 1692 4608 qno
1708 4550 1793 4608 supra

522 3706 566 3761 De
583 3705 688 3763 Gando
705 3705 809 3762 Sancti
821 3704 972 3785 Stephani.

407 4628 471 4688 dem
487 4644 628 4710 terreque
644 4631 769 4710 ipsorum
783 4642 853 4689 erat.
873 4628 994 4709 Reliqua
1016 4652 1083 4689 vero
1118 4630 1254 4700 memini,
1276 4642 1304 4689 et
1325 4629 1488 4687 molendina
1510 4642 1538 4687 et
1560 4641 1734 4709 stagnaque
1753 4628 1792 4684 ibi

407 4725 516 4791 decime
548 4729 634 4792 totius
668 4726 764 4787 Gaudi
802 4729 919 4806 propriu
955 4740 1084 4787 remanet
1119 4728 1361 4786 lientcommunia
1374 4739 1458 4785 erunt
1472 4727 1655 4787 etcommuni
1668 4744 1791 4804 expense

407 4823 489 4885 beate
519 4824 611 4885 Murie
642 4824 827 4885 carnotensis
859 4825 994 4902 ecclesie,
1029 4824 1082 4883 hoe
1119 4828 1199 4886 fient.
1229 4827 1273 4885 lte
1300 4829 1324 4886 si
1349 4827 1480 4886 canonici
1503 4827 1721 4885 submonuerint
1746 4847 1791 4882 me

407 4933 490 4999 pacto
506 4946 513 4978 ι
533 4922 657 5004 hospites
668 4945 770 4984 omnes
781 4923 984 4987 canonicorum
998 4937 1082 4983 erunt
1116 4935 1167 4982 aut
1186 4921 1303 4982 heredes
1318 4943 1394 4982 meos
1416 4934 1448 4980 ut
1467 4921 1623 4996 suciamus,
1643 4934 1672 4982 et
1687 4921 1791 4980 nolue-

407 5000 489 5077 s'oluti
500 5031 529 5078 et
545 5023 650 5099 quieti;
671 5042 794 5102 quorum
810 5021 1008 5100 unusquisque
1021 5032 1082 5080 ter·
1117 5024 1223 5094 rimus,
1256 5022 1311 5099 ipsi
1330 5019 1454 5094 lucium,
1480 5032 1508 5081 et
1532 5034 1623 5085 totum
1646 5019 1790 5080 redditum
