4462 6120
738 740 778 811 S.
803 738 946 813 PETRI
971 736 1307 811 CARNOTENSIS.
1644 738 1714 807 201

762 1017 1077 1109 CAPITULUM
1111 1019 1288 1109 LXXV.

685 1268 729 1328 De
741 1279 817 1329 terra
832 1267 897 1327 data
913 1289 929 1326 a
944 1268 1077 1327 Droccne
1091 1271 1120 1328 in
1136 1266 1361 1329 Lucanisvssla.

377 1528 396 1566 a
408 1497 555 1568 Cunctis
565 1511 697 1570 sanctae
708 1495 771 1567 Dei
787 1495 955 1568 aecclesiae
965 1495 1145 1584 fidelibus,
1158 1513 1233 1567 tam
1247 1495 1484 1594 praescntibus
1495 1521 1604 1595 quam
1617 1495 1716 1567 futu·
1748 1518 1817 1564 suno
1832 1518 1902 1565 soca.

323 1621 393 1706 ris,
412 1635 544 1692 notum
560 1617 833 1712 essevolumus,
852 1643 920 1716 ego
937 1616 1057 1692 Droco
1072 1618 1117 1690 dc
1134 1617 1300 1690 Cullantc
1317 1634 1452 1704 castro,
1473 1619 1568 1690 intra
1585 1618 1718 1718 Sequa·

325 1766 409 1812 nam
440 1738 593 1810 fluvium
620 1739 712 1827 sito,
743 1739 940 1838 quoniam,
972 1765 1040 1838 pro
1057 1738 1218 1812 remedio
1247 1739 1376 1811 animae
1399 1765 1488 1811 meae
1515 1755 1624 1840 atque
1650 1766 1718 1838 pro

321 1859 512 1932 animabus
527 1875 721 1959 parentum
738 1883 925 1947 meorum,
945 1885 1089 1932 assensu
1106 1858 1268 1932 fidelium
1283 1885 1449 1933 meorum
1467 1877 1575 1960 atque
1591 1859 1719 1960 depre-

326 1983 468 2055 catione
492 1979 658 2053 Landrici
685 1978 824 2052 abbatis
846 1979 989 2053 cenobii
1008 1980 1238 2054 Carnutensis
1250 2034 1261 2068 ,
1285 1998 1409 2053 sancto
1433 1982 1539 2056 Petro
1563 1979 1719 2058 bedonis

321 2101 459 2191 Curiae,
475 2128 558 2204 quse
572 2102 659 2176 cella
672 2104 746 2177 esse
758 2102 960 2178 dinoscitur
976 2103 1206 2177 Carnotensis
1220 2102 1401 2191 coenobii,
1420 2085 1500 2175 data
1517 2103 1682 2177 videlicet
1699 2132 1717 2174 a

325 2225 458 2299 comite
470 2225 685 2314 VValterio,
704 2224 820 2299 libens
836 2225 984 2325 quidem
1004 2223 1193 2312 donando,
1214 2224 1374 2299 concedo
1393 2227 1431 2298 in
1450 2227 1608 2300 Loconis
1625 2226 1717 2299 Villa

324 2346 392 2421 Vll
403 2345 561 2445 hospites
569 2347 763 2447 plenarios,
779 2375 861 2420 eum
874 2347 1026 2449 quadam
1036 2366 1138 2448 parte
1147 2347 1260 2436 bosci,
1275 2348 1521 2448 sicutpublica
1530 2349 1586 2421 ria
1597 2349 1720 2421 Belva-

325 2469 404 2541 cina
422 2468 550 2542 dividit
563 2469 606 2541 ad
619 2471 748 2559 levam,
764 2486 871 2573 atque
886 2469 1114 2544 medietatem
1131 2470 1259 2544 tributi
1276 2470 1448 2560 Calcedae,
1464 2471 1556 2543 sicut
1570 2471 1718 2543 Trcnna

322 2617 415 2692 aqua
427 2591 555 2663 currit.
570 2592 662 2684 Quae
675 2594 837 2692 quamvis
849 2591 1041 2666 videantur
1053 2618 1126 2666 esse
1135 2591 1231 2666 dona
1244 2594 1468 2692 parvissima,
1483 2609 1618 2681 tamen,
1634 2593 1718 2692 quia

325 2711 517 2812 fide'plena
538 2716 585 2785 et
598 2713 736 2812 integra
754 2713 948 2788 devotione
965 2713 1043 2788 haec
1062 2740 1236 2816 exequor,
1261 2740 1488 2816 nequaquam
1513 2713 1719 2788 incredulus

322 2860 388 2907 ero
407 2833 503 2907 illius
521 2834 630 2934 elogii
651 2835 828 2908 dicentis:
851 2837 930 2935 Qui
948 2836 1090 2910 dederit
1107 2852 1248 2910 tantum
1266 2835 1421 2910 calicem
1443 2832 1720 2936 aquaefn'gidae

325 2960 365 3026 in
380 2957 527 3027 nomine
547 2959 714 3047 Domini,
734 2959 937 3030 mercedem
954 2962 1123 3058 accipiet.
1142 2961 1193 3032 Ut
1210 2960 1307 3032 enim
1325 2960 1375 3030 ait
1391 2959 1578 3058 Scriptum
1595 2987 1603 3028 a
1621 2959 1718 3057 Reg-

324 3104 413 3148 num
429 3079 502 3149 Dei
516 3094 655 3150 tantum
671 3079 771 3151 valet
787 3095 967 3178 quantum
979 3080 1103 3163 babes.
1121 3081 1258 3153 Placuit
1271 3081 1378 3152 etiam
1396 3079 1488 3152 hanc
1505 3097 1659 3165 cartam,
1680 3095 1721 3150 ut

321 3224 465 3298 semper
482 3199 692 3304 inconvulsa
709 3217 937 3299 permaneat,
957 3227 1068 3275 manu
1085 3201 1211 3275 domni
1229 3202 1299 3273 mei
1319 3200 1503 3276 VValterii
1524 3200 1667 3274 comitis
1684 3218 1719 3272 et

324 3345 401 3393 mea
419 3337 531 3422 atque
551 3322 719 3395 omnium
743 3336 955 3396 nostrorum
981 3322 1141 3396 fidelium
1170 3323 1406 3421 presentium
1433 3319 1601 3393 mnibus
1634 3347 1719 3395 cor-

324 3442 515 3529 roborari,
548 3459 585 3515 et
618 3443 714 3515 inter
744 3450 861 3516 cetera
892 3443 1041 3519 donaria
1075 3446 1113 3516 in
1142 3443 1296 3517 archivis
1325 3443 1534 3518 monasterii
1565 3443 1715 3541 reponi;

325 3565 495 3663 quatinus
511 3563 680 3637 monachi
699 3565 846 3663 praefati
862 3565 1023 3640 coenobii
1048 3593 1105 3639 res
1129 3566 1226 3639 datas
1249 3593 1268 3637 a
1289 3591 1364 3655 me,
1384 3563 1546 3667 quandiu
1562 3564 1726 3656 mundus¹

324 3685 545 3790 perstiterit,
566 3684 732 3759 babendo
751 3686 955 3784 possideant
972 3703 1009 3761 et
1024 3684 1240 3787 possidendo
1258 3685 1432 3777 habeant,
1452 3703 1560 3787 atque
1579 3710 1719 3786 semper
1789 3749 1793 3758 „

325 3831 394 3906 pro
408 3807 543 3881 nostris
555 3804 694 3877 delictis
709 3806 825 3880 Deum
837 3810 1007 3896 exorent,
1030 3825 1094 3897 ut,
1115 3809 1173 3880 vel
1187 3810 1226 3881 in
1243 3808 1373 3883 ultimo
1386 3809 1568 3897 examine,
1588 3811 1718 3907 ajusto

321 3928 441 4026 judice
461 3928 539 4001 Deo
562 3948 762 4000 mereamus
783 3929 925 4001 renum
947 3945 1158 4006 nostrorum
1180 3928 1410 4004 delictorum.
1437 3930 1472 4003 Si
1495 3932 1576 4031 quis
1598 3945 1719 4003 autem

325 4049 499 4147 profanus
520 4047 716 4148 aliquando
740 4048 832 4125 hanc
852 4068 990 4125 cartam
1008 4052 1143 4128 violare
1165 4053 1415 4152 temptaverit,
1438 4052 1507 4124 nisi
1531 4052 1606 4124 cito
1628 4053 1720 4125 resi-

325 4173 447 4270 puerit
476 4189 512 4244 et
544 4169 589 4243 ad
607 4171 873 4271 'satisfactionis
905 4174 1105 4249 remedium
1136 4173 1367 4274 confugerit,
1400 4198 1485 4246 cum
1513 4168 1653 4248 Datban
1682 4190 1719 4247 ct

326 4293 595 4393 Ablron,quos
611 4318 684 4366 suae
703 4297 949 4393 presuntionis
965 4298 1098 4370 merito
1117 4297 1224 4393 vivos
1237 4309 1332 4367 terra
1350 4293 1563 4387 obsorbuit,
1581 4313 1718 4368 etcum
1757 4395 1758 4398 Ἴ

327 4419 382 4493 liis
392 4420 457 4522 qui
467 4418 664 4493 Dominum
674 4420 948 4513 crucifixerunt,
961 4418 1094 4494 inferni
1110 4417 1254 4520 ignibus
1265 4418 1520 4518 vermibusque
1529 4442 1719 4519 nunquam

325 4539 515 4613 morituris
539 4536 714 4612 tradanir.
739 4541 895 4619 Nomina
921 4566 1068 4642 quoque
1086 4540 1411 4616 corroboratorum
1427 4538 1627 4639 subscripta
1644 4539 1717 4612 lec-

328 4662 398 4734 tori
420 4661 566 4760 legenda
589 4662 778 4738 ostendere
800 4666 1026 4752 curavimus,
1053 4681 1095 4736 ut
1113 4665 1253 4738 occasio
1275 4664 1313 4736 in
1340 4678 1465 4737 nostro
1487 4644 1597 4759 opere
1617 4660 1715 4734 nulla

328 4781 594 4866 inveniaturab
608 4783 733 4885 aliquo
750 4784 1047 4885 calumpniatore.
1067 4789 1155 4860 Data
1172 4811 1269 4859 auno
1286 4783 1419 4858 XXlX
1435 4783 1538 4884 regni
1555 4782 1714 4855 llainrici

327 4903 434 5004 regis,
451 4920 495 4977 et-
505 4906 619 5002 posita
636 4904 782 5005 publice
796 4933 904 5008 super
919 4907 1031 4982 altare
1046 4909 1158 4982 acncti
1176 4908 1272 4982 Petri
1287 4903 1441 4981 bedonis
1452 4905 1585 4978 Curiae.
1601 4888 1717 4978 Wri-

1525 5027 1569 5098 26
1690 5068 1692 5070 ·
