4462 6120
737 761 773 832 S.
796 757 939 832 PETRI
965 753 1303 829 CARNOTENSIS.
1642 744 1714 826 2θὸ

325 910 456 1006 conjux
480 909 568 1006 ejus.
594 903 784 997 beliardis,
808 931 913 981 soror
935 908 1021 1002 ejus.
1049 901 1282 1002 llaJ'enaldus,
1310 900 1403 973 filius
1431 903 1518 999 ejus.
1546 897 1715 993 Adelina,

324 1028 395 1101 filia
415 1031 502 1126 ejus.
524 1027 747 1102 Gislebertus
768 1026 814 1102 de
833 1026 1045 1100 Britiniaco.
1065 1024 1266 1108 Nobiscum
1291 1053 1300 1094 :
1324 1022 1501 1122 Gerogius
1525 1037 1563 1095 et
1582 1021 1715 1114 Fuleo,

323 1148 452 1224 fratres
470 1167 507 1223 et
523 1150 687 1223 canonici
698 1178 708 1237 3
731 1148 889 1222 Eranlus
909 1149 1122 1250 canonicus,
1148 1145 1353 1218 Gnalterius
1374 1143 1617 1235 monetarius,
1635 1143 1717 1215 Gil-

323 1270 455 1344 duinus
472 1275 602 1372 major,
619 1271 812 1345 Girbertus
826 1274 956 1371 major,
975 1267 1175 1370 Stephanus
1188 1270 1316 1367 major;
1336 1266 1548 1341 Goscelinus
1564 1281 1600 1340 et
1617 1265 1717 1340 Rod-

323 1392 465 1482 bertus,
480 1393 685 1480 telonearii3
703 1391 884 1465 Guarinus
897 1393 1026 1492 pistor,
1043 1389 1262 1482 Teodaldus,
1277 1387 1514 1481 Fulcbardus,
1527 1389 1714 1478 Aventius,

325 1516 499 1604 Lorinus,
518 1514 760 1603 Gislebertus,
775 1513 1004 1602 Gunbaldus,
1025 1512 1250 1611 Oydelcrius,
1271 1513 1504 1600 Laurentius,
1524 1510 1717 1584 Rainaldus

323 1661 446 1734 agaso,
464 1635 709 1736 Ragenfredus
727 1635 772 1708 de
793 1633 1034 1707 Reclamantis
1051 1633 1144 1710 Villa
1159 1653 1183 1704 ¹.
1202 1663 1219 1704 u

714 1891 1069 1983 CAPITULUM
1105 1893 1328 1980 LXXIX.

731 2138 774 2199 De
783 2151 845 2198 orto
855 2151 953 2218 empto
964 2151 1050 2219 super
1062 2138 1169 2198 flumen
1182 2139 1308 2199 Audure.

378 2366 558 2439 «Notum
584 2389 657 2438 esse
682 2365 868 2452 volumus,
892 2391 961 2467 ago
984 2367 1170 2440 Hubertus
1188 2366 1315 2456 abbas,
1342 2385 1379 2441 et
1400 2393 1525 2440 omnes
1550 2365 1717 2440 monachi
1744 2391 1835 2436 nisa.
1849 2388 1921 2436 roso,
1965 2357 1973 2370 ⁹

324 2485 485 2560 coenobii
497 2488 743 2575 carnotensis,
755 2489 838 2588 quia
849 2488 1031 2589 quendam
1040 2505 1177 2577 ortum,
1192 2491 1230 2562 in
1241 2506 1367 2563 nostra
1380 2507 1475 2564 terra
1480 2493 1719 2589 juxta'ortum

325 2624 494 2682 nostrum
505 2609 628 2698 situm,
641 2608 808 2710 quaedam
817 2611 963 2699 mulier,
977 2612 1166 2686 Roscelina
1178 2613 1340 2701 nomine,
1354 2639 1419 2712 per
1433 2614 1509 2686 XX
1520 2610 1719 2712 etamplius

323 2757 457 2820 annos,
476 2758 495 2802 a
510 2731 632 2830 primo
649 2730 791 2813 seniore
809 2757 875 2806 suo
896 2731 1108 2822 Gausfrido,
1127 2733 1223 2808 dotis
1237 2737 1340 2834 jure,
1363 2761 1571 2810 concessum
1587 2722 1719 2808 tenue-

323 2869 378 2923 rat
387 2881 397 2938 ;
418 2851 550 2952 dequo
564 2853 708 2924 nullum
722 2853 848 2925 babuit
864 2854 1040 2928 sobolem.
1056 2856 1182 2944 Nunc,
1200 2855 1449 2957 quadrigama,
1469 2853 1609 2930 anobis
1623 2856 1719 2927 taxa*

323 2991 396 3045 tam
410 2974 621 3072 peccuniam
635 2974 832 3073 accipiens,
847 2975 997 3075 reliquit
1010 2977 1271 3075 perpetualiter
1283 2977 1555 3077 possidendum,
1569 2975 1720 3054 donum·

323 3121 394 3195 que
410 3094 466 3168 vel
484 3120 680 3195 guerpum,
700 3121 784 3167 cum
799 3099 958 3195 presenti
976 3091 1042 3172 suo
1059 3100 1201 3173 seniore
1216 3099 1401 3188 Huberto,
1422 3126 1566 3174 necnon
1585 3117 1622 3172 et
1637 3099 1721 3172 filiis
1759 3129 1761 3136 ·

325 3217 441 3289 tribus
464 3243 556 3318 quos
580 3215 707 3290 habuit
730 3217 775 3308 de
798 3217 985 3308 Frodone,
1011 3220 1145 3323 quibus
1168 3223 1276 3294 etiam
1299 3221 1461 3294 dedimus
1484 3220 1718 3309 munuscula,

323 3367 429 3439 super
447 3341 558 3413 altare
575 3341 825 3440 apostolorum
844 3341 941 3415 Petri
963 3359 999 3416 et
1023 3343 1123 3416 Pauli
1145 3344 1286 3441 posuit,
1310 3341 1379 3414 sub
1396 3341 1584 3440 praesentia
1602 3344 1719 3416 nostri

323 3487 363 3533 ac
376 3476 588 3536 nostrorum
599 3463 849 3552 servientium,
861 3489 1022 3562 qnorum
1032 3465 1180 3538 nomina
1191 3463 1468 3561 subscripsimus
1481 3494 1489 3534 :
1502 3461 1717 3551 Bernartius,

324 3582 420 3655 filius
433 3583 597 3658 Vulmari
606 3611 617 3670 3
639 3583 840 3683 Stephanus
851 3587 968 3682 major
978 3600 1015 3656 et
1030 3583 1216 3672 Salomon,
1233 3583 1347 3658 frater
1363 3587 1456 3684 ejus3
1473 3583 1577 3660 Dodo
1586 3587 1717 3683 nnjor,

324 3705 544 3803 0ydelerius,
559 3703 749 3778 Alcberius
760 3707 980 3795 mulnarius;
1001 3708 1131 3796 Belod,
1152 3708 1248 3780 lilius
1266 3713 1340 3807 ejus
1346 3737 1357 3798 ;
1378 3707 1617 3798 bulchardus,
1636 3706 1720 3781 ltal-

324 3826 451 3900 ualdus
461 3853 586 3928 agaso,
601 3827 789 3901 Asoelinus
802 3832 931 3927 major,
951 3831 1058 3929 Hugo
1074 3822 1275 3919 berbellus,
1295 3829 1533 3903 Gislebertus.
1544 3831 1605 3903 ‘Ex
1617 3845 1720 3931 parte

325 3949 485 4023 mulieris
502 3980 511 4021 ε
526 3949 742 4025 Walterius
753 3948 798 4024 de
810 3947 945 4028 Alneto
961 3967 998 4026 et
1014 3952 1202 4051 Sugerius,
1221 3979 1380 4053 quorum
1393 3960 1494 4053 prius
1508 3954 1720 4053 astipulator

326 4074 543 4145 constitutus
560 4088 615 4145 est
630 4071 831 4147 soliditatis.
851 4104 869 4142 »
1184 4088 1185 4093 ’

367 4329 377 4354 ¹
394 4317 428 4376 ln
451 4318 517 4377 eod.
540 4318 618 4378 dicto
637 4320 798 4400 Argenteo,
819 4334 884 4402 post
904 4323 1021 4381 nomina
1039 4326 1171 4396 testium,
1190 4279 1287 4385 addita
1303 4338 1369 4385 sunt
1386 4325 1445 4384 hec
1463 4328 1592 4385 :Actum
1608 4337 1651 4384 est
1668 4323 1718 4382 lior

321 4426 440 4507 puplice
456 4424 608 4499 Carnott's,
623 4441 758 4507 regnante
772 4427 912 4512 Philippo
927 4451 991 4511 rege
1004 4451 1079 4489 anno
1093 4430 1150 4488 IX.
