4462 6120
621 758 658 829 S.
678 758 820 831 PETRI
847 754 1185 829 GARNOTENSIS.
1532 758 1596 829 tot

206 898 311 975 alodo
329 902 527 1000 Ragenasdi
538 931 549 991 ς
570 928 614 976 ex
632 904 764 993 altera,
783 904 942 1004 Ugonis3
962 930 981 975 a
1000 904 1131 990 tercia,
1149 904 1206 976 ria
1222 902 1385 1003 publica;
1409 931 1427 976 a
1450 918 1599 1005 quarta,

207 1039 302 1097 terra
320 1024 440 1097 Sancti
460 1025 679 1101 Florentini.
703 1024 874 1098 Dedimus
897 1026 1003 1097 etiam
1020 1028 1095 1123 jam
1115 1023 1221 1097 dictis
1237 1027 1401 1125 personis
1420 1023 1600 1099 vendendi

206 1145 263 1219 rcl
280 1144 386 1219 slantli
403 1172 487 1219 eum
505 1149 721 1248 cuicumque
735 1148 932 1221 voluerint.
954 1147 988 1219 Si
1008 1149 1214 1247 quievero,
1232 1148 1331 1248 quotl
1347 1149 1499 1221 minime
1517 1174 1603 1219 ren-

208 1284 334 1340 turum
350 1267 546 1356 credimus,
565 1271 628 1370 qui
646 1286 773 1345 contra
792 1269 883 1342 hanc
900 1271 1153 1343 auctoritatem
1171 1271 1357 1370 insurgere
1369 1270 1528 1344 voluerit
1539 1284 1603 1341 aut

210 1388 430 1489 infringere,
458 1392 548 1463 iram
572 1392 735 1464 incurrat
761 1393 847 1478 Dei,
873 1407 910 1464 et
931 1389 1032 1491 quod
1050 1392 1235 1490 1cpetierit
1251 1418 1327 1465 non
1345 1393 1503 1479 evincat,
1525 1406 1599 1479 set,

200 1510 388 1608 judiciaria
413 1531 590 1614 potestate
614 1532 776 1602 coactus,
805 1514 936 1586 libram
960 1514 1037 1585 auri
1064 1516 1121 1587 cui
1147 1514 1249 1588 litem
1276 1516 1442 1588 intulerit
1471 1514 1598 1587 solvat.

207 1633 388 1725 Quatinns
400 1652 521 1709 autem
532 1635 611 1708 haec
624 1652 719 1708 carta
736 1635 878 1710 firmior
896 1636 962 1723 sit,
982 1662 1092 1708 manu
1108 1637 1257 1736 propria
1271 1662 1355 1709 cum
1368 1638 1471 1737 signo
1484 1638 1602 1709 crucis

206 1784 284 1828 eam
304 1756 674 1844 subterfirmavimus,
698 1756 863 1832 fidelibus
878 1784 1024 1859 quoquc
1046 1761 1179 1833 nostris
1196 1758 1443 1835 roborandam
1460 1758 1603 1835 obtuli·-

206 1905 298 1952 mus.
328 1878 395 1979 [S.
422 1880 560 1954 Oalonis
584 1882 740 1955 comitis.
766 1880 959 1980 ledgardis
985 1882 1191 1957 comitissae.
1216 1884 1383 1957 llotroci.
1413 1880 1599 1955 Gelduini.

205 2001 390 2077 Ilotberti.
410 2003 590 2103 llugonis.
613 2002 780 2075 Landrici
798 2003 903 2103 largi.
922 2000 1079 2077 Alberti.
1096 2002 1253 2078 Gilonis.
1272 2003 1500 2103 Nivelonis.]
1515 2032 1535 2071 a

252 2124 420 2223 Scriptis·
437 2138 572 2213 autem,
587 2150 675 2225 quas
688 2125 847 2225 repperi,
862 2124 971 2199 cartis
983 2123 1052 2196 sub
1065 2140 1231 2225 tempore
1239 2126 1446 2227 Magenardi
1461 2122 1602 2199 abbatis

203 2244 327 2331 editis,
346 2248 421 2342 ejus
441 2246 653 2332 introitum,
675 2273 694 2318 a
712 2245 851 2320 domno
864 2245 1058 2334 Fulberto,
1076 2263 1198 2346 postea
1217 2247 1385 2347 praesule,
1402 2248 1598 2346 scriptum,

203 2365 286 2439 huic
300 2369 401 2466 operi
416 2369 571 2441 inserere
586 2370 722 2456 curari,
739 2384 781 2439 ut
794 2367 965 2441 omnibus
978 2383 1097 2467 pateat
1115 2396 1192 2443 non
1206 2369 1324 2443 solum
1338 2370 1531 2468 simplices,
1547 2385 1601 2441 set

202 2491 312 2561 etiam
320 2492 672 2590 peritissimosviros,
682 2518 830 2590 persepe
839 2491 1057 2565 caducorum
1066 2490 1458 2567 bonorumambitione
1467 2491 1599 2591 decipi.

251 2611 414 2686 Abbatc²
437 2615 558 2687 Sancti
582 2614 679 2686 Petri
698 2617 857 2713 graviter
878 2630 1085 2713 egrotante,
1109 2631 1163 2687 set
1183 2613 1300 2687 adhuc
1322 2614 1456 2687 mentis
1472 2628 1510 2686 et
1526 2640 1603 2687 ser-

204 2737 323 2807 monis
352 2752 541 2835 compote‚
575 2735 812 2836 Magcnardus
841 2735 1065 2823 monachus,
1099 2753 1184 2809 ante
1209 2734 1321 2807 michi
1354 2763 1430 2811 non
1459 2734 1603 2810 medio-

204 2857 313 2929 criter
325 2883 444 2943 carus,
464 2874 576 2931 noctu
593 2884 667 2931 sese
684 2857 728 2929 de
742 2858 898 2931 claustro
915 2858 1116 2957 subripuit,
1137 2875 1174 2930 et
1185 2857 1230 2930 atl
1244 2857 1470 2931 Tcdbaldum
1483 2860 1602 2932 comi-

205 2996 296 3063 tem,
316 2979 378 3077 qui
397 2978 508 3051 Blesis
526 2996 613 3049 tunc
629 2977 860 3065 morabatur,
885 2976 1012 3049 abatiae
1033 2976 1198 3076 pctendae
1216 2981 1329 3078 gratia
1340 3033 1352 3069 ,
1377 2979 1599 3079 properavit.

203 3103 332 3175 Comes
353 3100 456 3171 illum
479 3098 670 3198 posttridie
688 3099 828 3170 remisit
845 3098 888 3171 ad
907 3124 974 3171 nos
997 3124 1081 3170 cum
1099 3100 1243 3199 legatis,
1261 3104 1325 3202 qui
1339 3100 1603 3177 denonciarent

205 3222 455 3322 recipiendum
468 3220 676 3320 magnifice,
692 3222 785 3293 sicut
798 3221 956 3310 abatem,
972 3224 1156 3294 canonicis
1169 3239 1207 3295 et
1219 3224 1418 3297 monachis.
1432 3224 1481 3297 At
1494 3224 1601 3299 uobis

202 3345 278 3419 lere
291 3344 463 3418 omnibus
479 3371 516 3418 ca
535 3370 592 3417 res
605 3370 719 3443 aequae
734 3370 826 3419 nora
838 3360 875 3417 et
891 3342 1079 3416 horribilis
1094 3344 1178 3417 fuit.
1198 3343 1465 3444 Respondimus
1480 3346 1602 3446 itaque

204 3468 314 3569 longe
330 3469 436 3541 aliter
454 3466 562 3541 nobis
578 3466 713 3555 videri;
730 3492 798 3540 nec
815 3467 914 3540 enim
932 3466 1093 3567 legitime
1107 3464 1186 3541 lieri
1203 3464 1365 3556 abatem,
1385 3494 1454 3541 uec
1468 3466 1601 3541 debere

202 3591 334 3690 recipi,
352 3592 415 3691 qni
435 3588 590 3663 abatiam
604 3590 771 3679 alterius,
794 3591 872 3690 ipso
886 3590 1051 3679 vivente,
1072 3616 1138 3690 per
1155 3586 1395 3665 ambitionem
1407 3592 1517 3690 petit3
1536 3593 1599 3691 qui

202 3740 222 3785 a
238 3709 415 3784 fratribus
434 3735 510 3785 non
525 3711 675 3812 eligitur
690 3728 727 3785 et
743 3736 851 3813 super
869 3711 952 3785 illos
963 3713 1099 3785 nititur
1114 3710 1316 3801 dominari3
1335 3726 1522 3812 postremo
1536 3714 1600 3815 qui

204 3850 329 3909 noster
353 3858 472 3934 neque
491 3831 692 3907 monachus
717 3834 785 3922 sit,
804 3858 923 3935 neque
943 3832 1117 3922 clericus,
1139 3850 1176 3907 ct
1197 3834 1321 3934 phares
1339 3833 1469 3909 habeat
1497 3850 1603 3909 testes

203 3955 391 4029 curialiter
411 3953 572 4055 agitandi
595 3980 707 4055 quam
726 3955 927 4029 monastice
949 3953 1105 4029 vivendi.
1127 3956 1213 4029 lloec
1234 3957 1294 4031 ille
1317 3983 1394 4032 uon
1416 3972 1603 4059 gratanter

203 4078 396 4177 accipiens,
411 4076 455 4149 ad
468 4077 642 4151 comitem
655 4074 878 4177 redequitat,
896 4078 1059 4178 iramque
1068 4078 1214 4176 juvenis
1227 4076 1395 4153 adversus
1409 4105 1478 4156 nos
1490 4078 1602 4154 relae-

204 4213 348 4273 menter
367 4198 587 4287 inflammat,
611 4213 685 4287 set,
708 4198 767 4272 die
784 4200 918 4299 quinto
938 4216 1134 4299 postquam
1155 4226 1261 4273 suum
1281 4200 1462 4275 ambitum
1480 4202 1605 4301 publi-

204 4323 318 4409 carit,
342 4318 538 4420 praedictus
553 4316 664 4392 abbas
679 4346 781 4393 suam
797 4322 1039 4420 egritudinem
1063 4338 1184 4397 morte
1202 4321 1349 4399 limitat.
1368 4325 1605 4400 Conveniunt

204 4443 247 4517 ad
267 4442 468 4543 capitulum
489 4442 607 4517 nostri
627 4441 798 4517 monachi
816 4458 854 4517 et
868 4442 1017 4545 quidam
1035 4445 1225 4535 canonici,
1249 4472 1342 4547 quos
1359 4448 1454 4521 ratio
1473 4462 1604 4547 postu-

205 4564 301 4639 labat
324 4564 482 4639 admitti.
509 4564 817 4663 luter-rogavimus
836 4590 882 4637 au
905 4565 1017 4667 aliqui
1038 4566 1197 4641 fratrum
1222 4568 1369 4668 incepto
1392 4566 1604 4669 Mageuasdi

248 4858 257 4886 ¹
273 4848 360 4909 Deest
375 4847 421 4907 bic
435 4838 566 4931 epilogus
580 4848 611 4909 it
625 4848 689 4908 cod.
709 4848 741 4907 ll.
923 4848 1072 4932 Bouquet,
1089 4852 1158 4913 Res.
1171 4852 1222 4913 des
1233 4852 1315 4913 Has.
1324 4850 1361 4911 ds
1374 4854 1507 4927 Iduum
1516 4864 1540 4915 t.
1555 4852 1607 4929 X,

246 4946 335 5005 'llos
364 4948 502 5027 scriptum
532 4946 660 5008 Fulberti
688 4960 780 5007 exstat
808 4945 887 5027 apud
923 4968 951 5026 p.
967 4944 1042 5024 444.
