4462 6120
463 736 531 808 no
986 708 1334 821 Mouasruntun

458 882 495 953 X
512 878 621 952 libras
633 878 772 980 argenti
788 877 986 978 persolvat,
1003 891 1058 966 et,
1078 877 1105 948 si
1122 878 1289 976 pertinax
1301 875 1433 967 fuerit,
1452 875 1500 949 sit
1513 871 1722 967 anathema,
1737 874 1857 953 donec

457 1001 700 1102 resipiscendo
717 1001 761 1074 ad
778 999 1068 1076 emendationem
1083 999 1219 1074 veniat.
1237 1030 1255 1069 a

895 1274 1253 1366 CAPITULUM
1284 1275 1415 1364 XIII.

782 1527 826 1586 De
842 1538 916 1586 terra
931 1538 959 1586 et
972 1524 1039 1584 luco
1054 1536 1151 1604 empto
1165 1521 1201 1583 de
1216 1523 1380 1584 Guarnerio
1397 1523 1524 1585 Gazello.

510 1754 590 1826 «ln
613 1753 764 1828 nomine
789 1754 938 1828 Domini
967 1754 1082 1826 nostri
1107 1750 1216 1826 Jhesu
1238 1752 1386 1827 Christi.
1410 1753 1550 1827 Notum
1571 1779 1645 1828 esse
1665 1753 1855 1848 volumus,

456 1901 525 1951 nos
548 1874 716 1949 monachi
740 1876 862 1949 Sancti
885 1877 982 1950 Petri
1002 1872 1345 1972 carnotensis,gsub
1363 1873 1493 1950 abbate
1512 1875 1679 1949 Huberto
1700 1877 1856 1977 regulari

458 1999 603 2071 tramite
621 1999 801 2088 viventes,
820 1997 920 2099 quod
934 1998 1082 2100 quidam
1096 1997 1217 2087 miles,
1233 1998 1383 2073 nomine
1399 1996 1624 2071 Guarnerius
1632 2051 1643 2086 ,
1662 1997 1858 2098 agnomine

457 2117 647 2193 Guazellus
659 2173 670 2211 ,
700 2117 808 2195 nobis
836 2118 1001 2194 vendidit
1030 2119 1303 2220 portiunculam
1331 2120 1385 2192 sui
1412 2119 1484 2208 luci
1513 2119 1577 2220 qui
1601 2120 1705 2218 juxta
1733 2119 1858 2192 lucum

457 2257 626 2317 nostrum
643 2242 778 2343 adjacet
784 2271 795 2332 3
814 2260 950 2318 terram
966 2269 1113 2346 quoque
1130 2242 1304 2318 arabilem
1321 2260 1405 2317 ante
1421 2242 1565 2335 lucum,
1583 2269 1707 2318 versus
1724 2259 1858 2317 terram

457 2363 556 2438 illam
583 2392 690 2466 quam
719 2380 855 2439 emerat
876 2365 1068 2443 VVarinus
1090 2364 1325 2438 monachusa
1346 2365 1565 2454 Mascelino,
1595 2363 1740 2438 GeraIdi
1765 2363 1855 2438 filio.

457 2486 678 2589 Accepitque
692 2486 875 2587 predictus
888 2488 1131 2578 Guarnerius,
1148 2504 1222 2560 tarn
1235 2486 1279 2560 de
1292 2487 1376 2563 luco
1390 2486 1556 2589 quamde
1571 2505 1684 2578 terra,
1704 2502 1859 2561 taxatam

456 2612 705 2710 peccuniama
728 2610 866 2686 domno
891 2610 1052 2685 Ernaldo
1073 2610 1277 2701 monacho,
1303 2612 1366 2713 qui
1392 2628 1482 2684 tunc
1507 2613 1545 2684 in
1569 2613 1649 2686 vico
1673 2611 1859 2684 Bruerolis

457 2732 723 2823 commanebat,
740 2759 896 2835 eumque
912 2733 1060 2833 collegit
1077 2734 1115 2805 in
1133 2731 1362 2806 orationibus
1376 2733 1524 2823 nostris,
1539 2733 1630 2805 acin
1645 2731 1859 2805 infirmitate

452 2861 635 2955 jacentem
651 2856 735 2930 cibo
752 2856 860 2946 aluit,
878 2871 915 2931 et
927 2874 1118 2929 mortuum
1133 2855 1310 2956 sepelivit.
1331 2857 1418 2930 Post
1431 2860 1531 2956 cujus
1547 2871 1726 2945 mortem,
1744 2853 1860 2928 frater

458 2983 533 3079 ejus
544 2980 673 3055 Vitalis
685 2997 820 3055 terram
830 2994 938 3081 atque
949 2979 1074 3054 lucum
1088 2978 1326 3053 calumniatus
1338 2996 1405 3069 est,
1421 2994 1474 3068 et,
1491 3005 1575 3051 cum
1589 2978 1756 3079 pertinax
1769 2993 1859 3050 essct

458 3102 732 3194 calumniando,
751 3127 821 3204 pro
833 3102 956 3177 eadem
968 3129 1008 3177 re
1025 3129 1043 3174 a
1062 3102 1258 3178 Gausfrido
1274 3100 1454 3176 monacho
1467 3102 1505 3175 X
1518 3127 1758 3174 nummorum
1774 3100 1859 3174 soli·

457 3225 522 3302 dos
536 3227 687 3328 accepit,
703 3243 759 3316 et,
777 3253 862 3300 cum
874 3227 1068 3301 Guarnerii
1082 3225 1173 3316 filio,
1190 3253 1369 3327 guerpum
1382 3251 1491 3326 super
1506 3225 1616 3298 altare
1629 3225 1752 3297 Sancti
1766 3223 1860 3298 Ger-

457 3351 554 3424 mani
573 3350 718 3451 posuit,
738 3376 861 3425 coram
882 3349 1094 3450 subscriptis
1115 3349 1278 3423 testibus.
1294 3348 1492 3425 VValterio
1508 3347 1552 3423 de
1568 3349 1735 3448 Ungena.
1755 3353 1859 3420 Lam·

457 3471 563 3548 berto
582 3471 626 3546 de
645 3473 822 3547 Lammeri
842 3471 950 3548 Villa.
970 3470 1177 3547 Rodbertus
1193 3469 1405 3543 mischinus.
1425 3469 1624 3570 Sulpicius,
1648 3466 1744 3541 filius
1766 3471 1856 3567 ejus.

457 3595 636 3669 Ernulfus
658 3610 774 3669 sutor.
796 3593 1065 3672 VVinebertus.
1086 3596 1123 3666 Si
1141 3595 1223 3696 quis
1239 3609 1360 3667 autem
1379 3592 1464 3666 huic
1482 3593 1660 3693 emptioni
1677 3591 1860 3666 contraire

458 3719 616 3793 voluerit
631 3734 668 3792 et
683 3745 762 3793 rem
779 3718 824 3792 ad
840 3717 1014 3819 placitum
1029 3716 1196 3808 duxerit,
1220 3715 1353 3790 libram
1374 3716 1454 3790 auri
1473 3717 1635 3817 primum
1657 3714 1856 3815 persolvat;

458 3855 496 3915 et
510 3838 673 3944 quandiu
690 3840 727 3913 in
746 3840 938 3941 pertinatia
958 3839 1177 3941 perstiterit,
1197 3863 1262 3913 ore
1274 3838 1342 3912 Dei
1359 3851 1398 3913 et
1409 3853 1621 3914 sanctorum
1636 3851 1860 3910 sanctarum-

456 3988 531 4065 que
549 3963 716 4039 omnium
732 3963 779 4036 sit
796 3960 997 4037 anathema.
1017 3991 1035 4032 a

895 4199 1255 4291 CAPITULUM
1293 4199 1426 4290 XIV.

692 4450 737 4511 De
752 4464 827 4511 terra
841 4450 994 4512 Bulliniaci
1010 4450 1076 4546 data
1089 4449 1195 4511 Sancto
1210 4449 1295 4510 Petro
1309 4472 1326 4510 a
1340 4449 1498 4510 VValterio
1513 4446 1619 4507 Palart.

255 4722 431 4771 imm-10,
508 4713 528 4753 a
540 4683 584 4755 ln
597 4680 748 4756 nomine
760 4680 875 4754 Patris
893 4665 931 4753 et
946 4679 1028 4754 Filii
1048 4696 1085 4755 et
1101 4678 1257 4781 Spiritus
1275 4679 1412 4751 Sancti.
1427 4677 1566 4752 Notum
1580 4673 1855 4767 essevolumus,

458 4830 526 4906 ego
556 4801 754 4876 baudricus
783 4801 892 4876 abbas
921 4818 959 4876 et
987 4803 1107 4876 omnis
1136 4801 1369 4902 congregatio
1397 4797 1665 4875 monachorum
1693 4796 1856 4872 coenobii

458 4925 580 5002 Sancti
605 4925 703 5000 Petri
725 4924 957 5001 Caruotensis
969 4979 982 5018 ,
1010 4923 1184 5002 omnibus
1212 4942 1288 4997 tam
1311 4920 1541 5024 presentibus
1561 4948 1673 5024 quam
1696 4919 1853 5010 futuris,
