4426 6120
443 699 516 769 att
964 688 1309 771 MONA'STERIUM

443 842 545 916 valde
559 841 731 943 diligens,
757 844 880 915 vivens
901 843 939 914 in
961 867 1135 941 corpore,
1159 843 1198 914 in
1219 857 1399 942 quantum
1421 843 1545 942 potuit
1567 867 1708 943 semper
1728 827 1835 920 nobis

443 964 603 1062 profuit,
626 961 693 1036 sub
713 960 842 1036 abbate
862 961 1009 1062 quidem
1030 961 1226 1050 Landrico,
1251 978 1376 1036 sancto
1392 965 1500 1038 Petro
1517 962 1616 1037 dedit
1638 964 1835 1037 aecclesiam

443 1088 555 1158 suncti
570 1085 742 1160 Germani
754 1082 799 1157 de
812 1085 960 1184 Alogia5
977 1101 1033 1174 et,
1053 1084 1098 1157 ab
1111 1084 1177 1157 hac
1189 1087 1262 1159 vita
1278 1084 1467 1177 decedens,
1486 1084 1609 1163 alodos
1622 1112 1714 1186 quos
1730 1082 1836 1159 babe-

442 1206 506 1279 bat
523 1208 561 1279 in
578 1206 690 1280 Belsia
708 1219 833 1281 sancto
849 1207 957 1281 Petro
970 1206 1136 1306 reliquit,
1155 1232 1271 1278 unum
1285 1206 1451 1281 videlicet
1469 1209 1509 1279 in
1525 1204 1713 1280 Fontinidi
1730 1207 1834 1298 villa,

443 1329 597 1403 alterum
614 1330 650 1401 in
668 1326 842 1401 Marchesi
856 1327 970 1418 Villa,
990 1345 1118 1429 atque,
1134 1331 1235 1428 juxta
1253 1331 1440 1418 Braiaum,
1455 1355 1572 1403 unum
1588 1330 1680 1429 prati
1695 1331 1835 1430 aripen-

443 1477 532 1525 num
541 1481 552 1539 3
568 1451 745 1550 jussitque
759 1449 924 1523 fidelibus
936 1451 1009 1523 suis
1025 1466 1068 1523 ut
1085 1476 1128 1526 eo
1141 1468 1291 1525 mortuo
1304 1477 1434 1553 corpus
1447 1453 1614 1526 Garnotis
1626 1450 1832 1540 deferrent,

443 1575 539 1646 inter
556 1573 684 1645 fratres
703 1571 971 1646 tumulandum.
986 1571 1094 1668 Quod
1107 1591 1143 1648 et
1158 1574 1295 1646 sactum
1312 1591 1365 1648 est
1383 1573 1461 1647 idus
1478 1572 1705 1684 novembris3
1725 1590 1833 1676 atque

443 1723 462 1767 a
480 1694 692 1795 parentibus
713 1694 785 1766 suis
805 1694 1041 1795 praefatarum
1056 1721 1180 1769 rerum
1197 1695 1337 1770 donum
1355 1721 1462 1795 super
1478 1695 1589 1770 altare
1606 1695 1718 1769 sancti
1736 1697 1833 1768 Petri

442 1816 589 1917 publice
605 1831 659 1888 est
675 1821 834 1914 positum
842 1869 854 1904 ,
872 1840 1031 1917 quorum
1045 1818 1194 1892 nomina
1206 1815 1482 1917 subscripsimus
1497 1845 1507 1886 ε
1524 1817 1720 1905 Ernaldus,
1739 1815 1833 1887 filius

441 1938 548 2025 Evae3
570 1936 722 2013 VViddo
739 1938 783 2012 de
799 1936 1034 2029 Barzilleriis,
1055 1937 1264 2030 Alcherius,
1285 1943 1393 2041 Hugo
1413 1940 1576 2013 clericus.
1599 1941 1652 2013 De
1672 1944 1830 2015 nostris:

442 2056 644 2159 Stephanus
669 2075 705 2131 et
729 2057 920 2147 Salomon,
945 2061 1179 2149 Laurentius,
1200 2061 1418 2150 Adventius,
1439 2060 1659 2163 Stephanus,
1682 2057 1833 2159 Oydcle-

441 2180 535 2271 rius,
553 2181 731 2253 Martinus
749 2180 962 2255 Gunbaldus
972 2236 984 2274 ,
1004 2181 1247 2273 Fulchardus,
1267 2201 1304 2258 et
1320 2185 1455 2259 caeteri.
1471 2215 1489 2253 n

868 2441 1231 2536 CAPITULUM
1264 2447 1400 2537 XIX.

431 2741 483 2875 ,ὁ
882 2692 927 2752 De
936 2691 1070 2752 libertate
1081 2693 1214 2752 ecclesia
1228 2693 1383 2754 bruerolis.

244 2942 327 2990 rma
341 2944 413 2994 rost.
492 2950 510 2986 «
527 2919 569 2990 ln
588 2921 737 2992 nomine
755 2920 870 2991 Patris
888 2935 924 2991 et
940 2918 1023 2991 Filii
1041 2933 1079 2991 et
1095 2920 1251 3018 Spiritus
1268 2920 1410 3011 Sancti,
1432 2943 1550 2992 amen.
1571 2917 1648 3017 Ego
1669 2914 1834 2991 Gausfri-
1864 2928 1874 2941 “

441 3037 528 3130 dus,
547 3041 709 3138 quamvis
726 3038 915 3139 indignus,
935 3039 1104 3114 aecclesiae
1121 3041 1351 3116 Carnotensis
1367 3042 1577 3140 episcopus,
1595 3054 1726 3113 notum
1740 3037 1834 3112 facio

441 3161 705 3236 successoribus
719 3159 807 3235 meis
825 3177 861 3235 et
877 3162 955 3234 aliis
969 3163 1138 3236 aecclesiae
1156 3179 1289 3237 nostrae
1306 3162 1472 3236 fidelibus
1481 3216 1492 3253 ,
1508 3160 1608 3262 quod
1621 3160 1733 3234 frater
1747 3159 1834 3232 Eus-

443 3283 581 3357 tachius
590 3339 603 3376 ,
622 3282 732 3357 abbas
749 3285 860 3357 sancti
879 3286 975 3358 Petri
993 3285 1224 3361 Garnotensis
1242 3286 1472 3376 monasterii,
1490 3284 1631 3383 rogavit
1647 3280 1834 3354 humiliter

369 3430 526 3577 *tum
545 3404 712 3505 precibus
728 3407 943 3505 parvitatem
959 3434 1097 3499 meam,
1121 3424 1164 3479 ut
1190 3397 1316 3482 sibiet
1340 3407 1613 3508 congregationi
1631 3402 1834 3479 monacho-

441 3514 524 3602 rum
541 3528 675 3603 ibidem
692 3530 927 3602 servientium
944 3528 1066 3603 darem
1083 3531 1193 3606 altare
1210 3529 1255 3606 de
1273 3531 1474 3624 Bruerolis,
1495 3531 1572 3605 sine
1588 3526 1659 3602 ulla
1674 3527 1835 3625 redemp-

442 3647 542 3725 tione
559 3652 711 3725 ulterius
729 3649 950 3765 habendum.
969 3652 1062 3745 Quia
1083 3678 1171 3753 ergo
1191 3654 1255 3726 ista
1274 3655 1403 3754 petitio
1426 3669 1463 3729 et
1482 3653 1633 3725 utilitati
1653 3676 1782 3726 eorum
1799 3664 1836 3721 et

441 3800 532 3847 meae
548 3771 727 3846 honestati
743 3774 938 3848 convenire
949 3774 1021 3847 visa
1033 3791 1100 3865 est,
1114 3775 1213 3852 dono
1227 3782 1276 3851 eis
1291 3775 1507 3876 praedictum
1523 3774 1649 3865 altare,
1667 3797 1743 3846 non
1757 3772 1835 3843 sine

441 3922 584 3969 assensu
596 3896 718 3967 fratris
731 3894 895 3968 Gauslini
904 3950 915 3985 ,
936 3896 975 3969 in
989 3900 1089 3997 cujus
1103 3898 1411 3973 archidiaconatus
1424 3914 1494 3988 est,
1509 3897 1666 3973 solidum
1682 3911 1719 3968 et
1735 3895 1835 3994 quic·

441 4035 522 4091 tum
538 4017 583 4090 ab
599 4019 700 4092 omni
713 4018 940 4110 venditione,
960 4047 979 4092 a
998 4021 1147 4110 sinodo,
1167 4048 1187 4093 a
1205 4021 1364 4111 circada,
1383 4021 1429 4094 ab
1445 4022 1547 4096 omni
1560 4021 1669 4094 etiam
1686 4042 1835 4091 consue·

442 4141 568 4214 tudine
583 4157 620 4214 et
637 4141 682 4212 ab
698 4141 798 4216 omni
820 4130 1104 4242 inquietationi,
1124 4144 1197 4218 sive
1218 4147 1405 4220 exactione
1422 4143 1579 4244 justiciae
1595 4169 1613 4215 a
1631 4138 1833 4240 presbitero

442 4265 620 4337 serviente
641 4264 678 4334 in
701 4263 794 4339 loco.
816 4264 867 4337 Ut
887 4281 1008 4340 autem
1029 4292 1094 4366 per
1115 4266 1342 4342 succedentia
1359 4285 1522 4367 tempora
1539 4265 1687 4340 firmum
1713 4277 1748 4337 et
1765 4277 1835 4333 sta-

442 4384 517 4458 bile
542 4401 686 4458 maneat
706 4383 775 4459 boc
794 4385 954 4478 donum,
982 4391 1150 4488 praesenti
1175 4391 1312 4489 scripto
1337 4388 1525 4481 mandavi,
1543 4402 1581 4461 et
1597 4389 1702 4486 signo
1719 4383 1833 4457 crucis

442 4532 650 4599 manumea
666 4507 763 4582 facto
780 4509 972 4600 roboravi,
991 4526 1028 4585 et
1045 4511 1207 4587 fidelium
1224 4538 1390 4586 meorum
1406 4508 1574 4585 manibus
1590 4506 1834 4583 corroboran-

443 4629 531 4703 dum
557 4628 698 4703 tradidi.
732 4631 770 4705 S.
791 4632 971 4707 Gausfridi
997 4636 1168 4737 episcopi.
1194 4635 1355 4708 llilduini
1382 4634 1619 4734 precentoris.
1645 4627 1833 4706 Guau'slini

445 4750 699 4827 archidiaconi.
718 4752 897 4829 Frodonis
910 4758 1145 4831 succentoris.
1161 4759 1296 4831 Morini
1314 4756 1521 4858 presbiteri.
1537 4752 1718 4827 landrici.
1729 4750 1834 4823 Wil-

444 4874 561 4962 lelmi,
592 4877 733 4975 nepotis
760 4877 932 4980 episcopi.
955 4878 1128 4971 brualdi,
1160 4881 1303 4981 nepotis
1327 4880 1477 4954 Morini.
1505 4877 1667 4979 Rogerii.
1699 4873 1834 4973 Eogel·
