4462 6120
413 716 503 815 ωε]
920 697 1312 790 rnoutoontrnus.

415 897 517 973 pour
534 869 588 947 les
603 869 771 948 officiens
787 868 839 948 du
855 872 1037 977 seigneur
1052 896 1130 947 une
1145 869 1282 974 espece
1301 863 1351 943 de
1370 863 1657 971 gratification,
1676 869 1746 973 qui
1762 895 1803 945 se

416 1033 511 1114 paya
534 1008 725 1114 pentetre
755 1008 1000 1119 quelquefois
1020 1034 1070 1085 en
1097 1022 1248 1083 nature.
1279 1002 1412 1098 Ainsi,
1443 1029 1496 1080 on
1534 1019 1673 1082 trouve
1704 1000 1804 1083 dans

416 1306 525 1364 modios
540 1307 584 1365 rel
600 1308 664 1388 plus
684 1312 803 1382 tenerit,
821 1309 892 1368 duos
913 1311 973 1367 vini
995 1320 1093 1367 sexta·
1128 1328 1215 1386 scopo
1234 1307 1280 1367 vel
1301 1327 1397 1365 coram
1422 1306 1596 1376 camerario,
1613 1318 1642 1362 et
1665 1303 1701 1365 de
1724 1306 1803 1363 omni

416 1403 471 1460 rios
498 1402 614 1463 habebit
645 1404 720 1463 idem
749 1405 859 1489 Hugo,
885 1405 932 1464 vel
966 1405 1090 1484 pretium
1128 1405 1250 1463 emenda
1274 1404 1387 1485 gagiata
1413 1404 1571 1461 camerario
1592 1399 1677 1461 dehet
1700 1400 1806 1460 hahere

416 1495 537 1555 duomm
547 1501 753 1574 sextariorum,
773 1500 930 1561 secundum
942 1500 1001 1559 vini
1013 1500 1092 1559 illius
1128 1503 1229 1584 viginti
1250 1501 1382 1562 denarios
1395 1502 1566 1582 parisienses
1580 1520 1634 1580 pro
1651 1498 1775 1561 emend·
1788 1521 1804 1558 a

416 1594 630 1666 venditionem
660 1599 682 1654 si
708 1619 775 1657 vero
800 1599 895 1657 minus
920 1620 1008 1678 quam
1034 1598 1091 1658 duo
1127 1601 1270 1660 convicto.
1299 1600 1372 1659 ltem
1394 1599 1430 1659 de
1452 1598 1548 1659 duello
1569 1597 1699 1677 judicato
1721 1597 1806 1660 debet

415 1693 504 1752 modii
521 1693 557 1753 de
577 1695 629 1754 tali
645 1695 723 1756 dolio
744 1695 894 1756 venditum
909 1695 995 1756 luerit
1017 1695 1089 1756 infra
1126 1696 1231 1758 habere
1245 1699 1375 1779 quinque
1390 1696 1514 1768 solidos;
1532 1695 1568 1754 de
1583 1695 1718 1756 omnibus
1730 1716 1807 1776 nup-

415 1791 554 1865 bannum,
564 1815 654 1851 unum
665 1806 776 1854 tantum
786 1795 845 1854 vini
858 1795 1012 1854 sextarium
1025 1814 1091 1873 pre-
1126 1796 1174 1853 tiis
1191 1793 1270 1854 lactis
1288 1798 1318 1854 in
1337 1794 1487 1877 parrochia
1502 1793 1538 1853 de
1551 1793 1707 1854 Fraxineto
1720 1790 1807 1853 dotat

415 1888 488 1948 latus
512 1889 599 1971 Hugo
627 1890 663 1950 de
691 1892 742 1951 illo
764 1893 923 1973 percipiet,
951 1892 997 1952 vel
1025 1912 1091 1972 pre·
1127 1894 1232 1954 hahere
1264 1893 1402 1952 ferculum
1425 1913 1508 1952 suum
1532 1891 1578 1953 vel
1607 1913 1652 1952 xrs
1672 1888 1806 1953 marios

416 1991 486 2046 tium
509 1988 596 2048 unias
617 1992 732 2050 sextarii
754 1989 913 2051 secundum
933 1991 992 2049 vini
1013 1991 1092 2050 illius
1127 1994 1307 2073 parisienses.
1336 1993 1409 2052 Item
1436 1993 1561 2073 pertinet
1587 1990 1697 2070 majori
1716 2002 1807 2051 metas

414 2084 620 2145 venditionem.
644 2087 688 2146 De
707 2109 889 2169 quocumque
912 2100 1008 2147 autern
1033 2088 1091 2146 vini
1127 2110 1235 2171 ponere
1255 2103 1283 2148 et
1299 2090 1336 2148 ab
1351 2108 1527 2170 unoquoque
1544 2088 1582 2149 ad
1597 2087 1681 2167 cnjus
1695 2088 1807 2149 instan-

416 2184 491 2243 dolio
515 2185 612 2244 minus
638 2184 749 2245 duobus
773 2186 878 2245 modiis
902 2187 1091 2258 continente,
1127 2186 1201 2245 ciam
1212 2184 1806 2266 ponunturdebethaberedeprirnameta

415 2292 679 2362 quantumcumque
689 2282 725 2342 de
736 2282 786 2340 illo
799 2282 949 2341 venditum
964 2281 1091 2342 fueritin
1128 2282 1200 2342 duas
1210 2295 1306 2362 partes
1317 2283 1420 2363 lagene
1432 2283 1507 2357 vini,
1524 2303 1578 2341 nec
1592 2281 1630 2342 (le
1639 2283 1742 2343 cariori
1753 2302 1807 2343 nec

416 2389 512 2437 nostro
525 2378 688 2461 bannagio,
706 2378 821 2439 habebit
831 2381 892 2459 ipse
903 2379 991 2460 llugo
1001 2400 1091 2438 unum
1129 2379 1164 2439 de
1176 2381 1290 2452 viliori;
1308 2401 1362 2440 nec
1375 2379 1460 2440 debet
1471 2380 1508 2439 ab
1520 2382 1562 2440 eis
1576 2380 1699 2460 amplius
1711 2393 1808 2461 petere

416 2475 476 2534 vini
488 2476 661 2549 sextarium,
674 2477 719 2535 vel
731 2479 853 2556 pretium
865 2478 952 2536 nnius
962 2476 1090 2547 sextarii,
1128 2479 1177 2539 illa
1198 2479 1246 2538 die
1268 2478 1446 2559 adquorum
1468 2480 1634 2539 instantiam
1654 2490 1732 2539 mete
1752 2501 1809 2558 po·

416 2575 488 2632 sicut
499 2587 542 2634 est
556 2595 640 2656 supra
657 2575 779 2635 dictum.
796 2573 834 2635 Et
847 2575 997 2636 sciendum
1014 2575 1092 2656 quod
1128 2586 1249 2646 nuntur,
1267 2575 1291 2632 si
1305 2573 1385 2634 mille
1399 2574 1447 2634 illa
1461 2574 1508 2635 die
1524 2585 1713 2655 ponerentur.
1728 2572 1808 2634 Mete

416 2671 526 2748 dejure
540 2673 629 2752 ipsius
644 2671 719 2734 leodi
735 2674 894 2756 sepedictus
909 2675 997 2757 Hngo
1011 2687 1094 2734 tene-
1128 2692 1185 2752 que
1195 2671 1330 2742 dividunt
1343 2672 1402 2731 vias
1416 2685 1446 2731 et
1461 2671 1504 2731 les
1506 2671 1597 2755 frons
1609 2683 1639 2731 et
1648 2683 1739 2731 terras
1752 2669 1809 2731 tlo-

417 2781 463 2826 tur
488 2769 600 2829 mittere
621 2771 792 2830 servientem
819 2793 909 2831 unum
934 2770 971 2831 ad
996 2784 1094 2830 custo-
1128 2771 1201 2829 mini
1220 2771 1347 2852 episcopi
1365 2770 1401 2829 ab
1412 2771 1470 2828 alio
1484 2768 1613 2829 dominio
1626 2790 1686 2830 non
1701 2767 1808 2829 abent

416 2865 555 2926 ‹liendum
576 2868 705 2927 bannum
732 2880 859 2928 nostrum
875 2870 946 2949 :qui
964 2869 1091 2928 serviens
1129 2868 1245 2939 vinum;
1267 2880 1296 2927 et
1315 2867 1352 2927 sd
1372 2867 1434 2927 illas
1448 2878 1540 2926 metas
1554 2864 1704 2948 ponendas
1721 2863 1808 2925 debet

415 2967 579 3042 juramento
591 2965 675 3027 nobis
692 2969 824 3026 astrictus
838 2967 942 3036 suerit,
963 2967 1042 3048 quod
1056 2966 1093 3026 ad
1129 2968 1221 3044 major
1230 2966 1420 3046 personaliter
1427 2967 1576 3025 interesse.
1588 2965 1675 3038 Item,
1687 2965 1718 3024 in
1727 2966 1806 3024 οιιιιιὶ

417 3085 488 3143 opus
504 3077 675 3125 nostramet
689 3086 741 3146 pro
759 3066 841 3126 nobis
861 3065 982 3127 fideliter
996 3078 1094 3126 custo-
1130 3063 1295 3126 venditione
1314 3063 1399 3123 debet
1416 3063 1523 3123 habere
1536 3063 1574 3123 ab
1584 3064 1665 3123 omni
1678 3074 1808 3145 emptore

418 3161 476 3219 diet
490 3160 619 3221 bannum
636 3161 719 3222 illud.
733 3163 776 3222 De
787 3166 850 3242 jure
860 3165 994 3224 similiter
1005 3165 1094 3245 ipsius
1131 3160 1202 3222 duas
1217 3174 1311 3242 partes
1321 3162 1423 3244 ingene
1435 3163 1513 3235 vini,
1525 3183 1579 3220 nec
1592 3160 1630 3221 ‹le
1640 3162 1743 3223 cariori
1754 3181 1808 3220 nee

417 3259 492 3318 feodi
517 3271 631 3345 tenetur
650 3261 727 3321 idem
745 3262 833 3344 Hugn
854 3262 1006 3323 tresdecim
1026 3265 1096 3322 mit·
1130 3259 1166 3319 de
1180 3259 1285 3319 viliori.
1306 3260 1350 3320 De
1372 3260 1503 3341 quolibet
1522 3262 1573 3340 qui
1595 3261 1690 3342 primo
1707 3256 1808 3318 rendit

418 3373 476 3417 tere
497 3359 639 3420 senatores
659 3362 744 3420 annis
762 3362 883 3443 singulis
906 3385 963 3421 una
986 3362 1034 3421 dic
1057 3360 1094 3422 ad
1131 3361 1230 3417 vinnm
1242 3359 1328 3419 debet
1343 3358 1448 3419 habere
1460 3357 1531 3418 duas
1546 3372 1641 3439 partes
1650 3359 1755 3442 lageas
1767 3357 1809 3417 il-

418 3456 542 3516 fenanda
563 3470 645 3539 prata
663 3473 760 3518 nostra
782 3459 817 3519 de
840 3459 993 3531 Reculeto;
1013 3461 1095 3537 cujus
1130 3457 1186 3516 lius
1206 3458 1284 3529 vini,
1306 3469 1338 3516 et
1354 3458 1444 3517 nichil
1465 3458 1610 3538 amplius,
1630 3458 1654 3516 si
1673 3457 1809 3519 millesies

416 3555 543 3614 serviens
565 3554 609 3614 ad·
623 3568 704 3635 prata
724 3557 832 3617 ducens
851 3558 965 3617 eosdem
981 3546 1096 3618 leuato-
1131 3555 1269 3614 venderet
1284 3555 1383 3615 vinum
1404 3557 1435 3615 in
1449 3556 1508 3614 vita
1524 3577 1583 3615 sua.
1605 3555 1697 3630 ltem,
1711 3553 1810 3616 homi-

418 3674 474 3724 res,
491 3652 538 3711 die
551 3652 611 3724 illo,
625 3653 660 3712 de
674 3668 770 3713 nostra
785 3659 863 3714 curia
876 3656 979 3737 recipit
993 3678 1027 3715 ιιι
1043 3677 1098 3736 pa·
1132 3675 1182 3712 nes
1205 3654 1325 3734 majorie
1346 3666 1481 3714 tenentur
1498 3653 1642 3733 adequare
1659 3672 1808 3713 mensuras

419 3770 485 3822 nes,
508 3750 578 3808 semi
598 3753 752 3810 sextarium
771 3754 830 3811 vini
851 3765 879 3811 et
897 3755 1095 3834 quoquinam,
1132 3754 1191 3812 vini
1212 3766 1240 3812 et
1255 3752 1334 3812 bladi
1353 3755 1381 3812 in
1403 3752 1489 3812 domo
1504 3751 1620 3832 majoris
1638 3750 1675 3812 ad
1689 3770 1810 3811 mensn-

419 3846 464 3904 vel
482 3847 554 3905 duos
569 3847 700 3907 denarios
719 3870 771 3928 pro
790 3851 923 3929 coquina.
945 3852 989 3911 De
1008 3852 1096 3911 libcr—
1132 3873 1193 3910 ram
1209 3853 1342 3930 majoris,
1362 3874 1414 3911 nec
1430 3873 1481 3932 pro
1497 3853 1537 3911 cis
1552 3862 1644 3931 potest
1652 3850 1808 3932 quicquam

420 3955 477 4002 tate
492 3943 636 4023 siquidem
653 3944 742 4024 ipsius
758 3943 833 4004 leodi
852 3957 945 4025 potest
967 3945 1097 4026 sepedic-
1132 3961 1239 4028 petere.
1268 3948 1305 4009 Et
1327 3951 1351 4008 si
1376 3970 1523 4009 mensuras
1547 3949 1690 4010 invenerit
1713 3948 1810 4009 minus

420 4055 463 4099 tus
482 4041 569 4123 Hugo
585 4042 780 4103 omnimodam
799 4044 927 4103 exercire
947 4046 1098 4104 mercatio·
1132 4050 1239 4126 justas,
1258 4047 1343 4106 debet
1358 4067 1405 4106 eas
1420 4069 1521 4127 capere
1542 4060 1568 4106 et
1583 4046 1638 4108 hoc
1652 4047 1810 4108 camerario

420 4163 484 4199 nem
497 4140 1097 4203 abomnimercationisconsuetudineliber
1133 4145 1240 4204 domini
1261 4147 1387 4227 episcopi
1408 4147 1587 4228 significare,
1608 4157 1637 4205 ct
1655 4145 1809 4218 homines,

419 4252 446 4299 et
466 4242 653 4300 immunis...
668 4242 769 4300 Actum
788 4263 866 4300 anno
884 4241 1027 4302 dominice
1048 4244 1097 4301 in·
1132 4265 1254 4324 quorum
1274 4244 1349 4304 dicte
1369 4265 1503 4304 mensure
1523 4257 1607 4317 sunt,
1630 4262 1726 4304 coram
1747 4245 1810 4326 ipso
1830 4230 1833 4236 Δ

420 4338 591 4400 carnationis
602 4350 638 4398 ιιο
648 4349 694 4400 cc⁰
704 4343 806 4419 quinto
816 4338 926 4401 decimo
937 4362 1035 4401 mense
1045 4340 1098 4400 de-
1133 4344 1288 4402 camerario
1301 4344 1399 4404 citare.
1414 4341 1487 4402 Item
1500 4364 1565 4402 cum
1579 4343 1737 4403 servientes
1749 4360 1810 4403 rna·

420 4433 526 4494 cembr.
537 4464 550 4488 ιι
562 4436 640 4495 Cart.
654 4437 845 4499 eccharnot.
857 4438 935 4498 Cart.
948 4436 999 4511 43,
1011 4436 1035 4494 s⁰
1046 4437 1095 4497 32.
1131 4440 1199 4517 joris
1212 4441 1280 4500 citat
1294 4442 1359 4519 [sic]
1377 4441 1537 4501 charretum
1557 4440 1642 4501 debet
1658 4442 1763 4502 morari
1778 4443 1809 4501 in

419 4581 481 4639 Hec
495 4595 561 4641 sunt
576 4603 630 4663 que
647 4580 762 4640 domina
780 4581 945 4640 Hadoardis
958 4582 1097 4644 debette-
1132 4536 1267 4693 {ranchi
1292 4539 1430 4619 quamdm
1454 4551 1647 4613 mensumur’
1672 4551 1701 4599 a
1717 4537 1811 4655 ,leia

1037 4683 1042 4693 .
1078 4684 1084 4697 .
1152 4635 1237 4694 abere
1253 4660 1283 4695 ιιι
1296 4658 1358 4697 sero
1373 4658 1513 4717 expensas
1523 4660 1589 4696 cum
1605 4636 1807 4720 granchiam

461 4679 844 4764 W⁶⁰d⁰m¹n⁰⁶pl⁸⁶⁰p⁰'
860 4695 1097 4765 mammasm
1133 4746 1161 4791 et
1185 4736 1208 4791 si
1231 4733 1400 4795 conduxerit
1420 4735 1581 4796 chorretum
1602 4733 1680 4817 apud
1703 4733 1810 4796 Carno-

462 4774 498 4832 de
516 4776 682 4885 meito'
705 4778 815 4889 limem
829 4792 886 4887 “la
901 4780 1097 4924 wmfmsuil
1132 4844 1213 4904 tum,
1229 4832 1314 4891 debet
1328 4831 1433 4892 habere
1447 4835 1519 4892 sicut
1530 4854 1589 4892 una
1603 4832 1638 4893 de
1649 4833 1807 4916 quadrigis.

463 4884 583 4955 ’ΜΡΝ
596 4895 722 4958 ⁰P⁸⁸⁶⁰P⁸
742 4873 866 4934 Mathe*
884 4873 977 4954 (¹247
994 4879 1097 4954 lm)
1134 4929 1220 5001 Item,
1235 4951 1287 5009 pro
1302 4952 1484 5011 quocumque
1498 4933 1629 5013 negocio,
1647 4931 1811 5012 pertinente

463 5010 558 5091 Major
573 5016 657 5078 debet
677 5019 763 5079 citare
783 5039 878 5079 corum
897 5019 1015 5080 domino
1034 5025 1098 5102 epi·
1134 5025 1170 5085 ad
1189 5025 1353 5098 dominum,
1370 5026 1542 5108 contingerit
1563 5027 1656 5108 ipsum
1676 5029 1718 5087 irc
1732 5026 1809 5106 apud
