4462 6120
416 702 460 771 12
935 699 1279 776 MONASTERlUM

412 847 502 922 libet
521 851 802 951 recuperationis
821 866 1000 950 respectu,
1022 847 1198 922 militibus
1224 849 1261 920 in
1286 861 1490 920 casamento
1508 843 1628 931 datas,
1648 868 1699 916 xu
1720 866 1808 944 pre-

413 970 545 1045 bendas
573 974 609 1045 in
633 975 760 1072 majori
787 975 943 1049 aecclesia
967 971 1153 1047 monachis
1178 970 1353 1043 adtribuit
1374 975 1457 1069 jure
1481 983 1659 1070 perpetuo
1687 966 1807 1068 possi-

414 1094 567 1183 dendas,
583 1094 817 1169 anathematis
829 1097 958 1197 jugulo
975 1096 1107 1169 seriens
1128 1095 1246 1194 aliqua
1270 1092 1461 1169 dolositate
1479 1090 1585 1191 hujus
1605 1089 1808 1191 largitionis

414 1217 552 1291 donum
581 1217 765 1293 adnullare
792 1219 954 1293 volentes
980 1219 1036 1292 vel
1064 1218 1181 1318 aliqua
1201 1215 1469 1291 exorbitatione
1487 1216 1650 1288 minuere
1674 1210 1809 1286 machi-

414 1356 553 1414 nantes.
592 1343 717 1442 ltaque
749 1342 944 1416 monachos
981 1343 1019 1413 in
1051 1367 1187 1412 summa
1218 1366 1304 1439 pace
1337 1339 1506 1439 degentes
1544 1334 1806 1438 agmentand0,

415 1461 577 1562 quandiu
603 1463 712 1549 vixit,
747 1461 871 1536 fovere
901 1489 978 1537 non
1010 1461 1166 1550 destitit,
1191 1461 1455 1535 ammonitione
1481 1476 1629 1559 paterna
1660 1483 1821 1557 persepe

415 1600 600 1671 exortans,
631 1584 738 1658 firmo
764 1610 886 1685 gressu
919 1587 958 1657 in
983 1601 1102 1657 sancta
1129 1584 1306 1682 religione
1332 1584 1540 1682 persistere,
1573 1580 1810 1673 correctionis

415 1706 554 1780 sarculo
579 1704 743 1779 desidum
764 1708 856 1779 vicia
883 1707 1055 1796 evellere,
1079 1705 1197 1781 bonos
1217 1720 1259 1776 ut
1283 1706 1321 1777 in
1344 1704 1473 1777 melius
1495 1702 1716 1803 proficerent
1728 1703 1809 1802 jugi
1865 1749 1867 1752 -

416 1830 613 1903 informare
628 1829 798 1928 eulogiis,
816 1830 923 1902 rudes
936 1847 972 1902 et
991 1830 1120 1903 inscios
1135 1830 1349 1900 Sanctarum
1364 1828 1637 1927 scripturarum
1654 1825 1811 1902 oraculis

417 1949 590 2037 imbuere,
605 1950 648 2021 ad
660 1948 787 2050 gaudia
797 1952 955 2023 urauicae
967 1951 1190 2050 patriaetotis
1199 1947 1411 2049 praecordiis
1419 1948 1600 2023 annelare.
1619 1949 1703 2041 Quo
1713 1948 1811 2022 felici

415 2070 518 2146 obitu
530 2070 574 2143 ab
586 2071 690 2170 hujus
703 2071 830 2144 mundi
848 2069 1058 2145 fluctuantis
1072 2069 1260 2171 naufragio
1275 2069 1318 2142 ad
1329 2070 1515 2144 coelestem
1526 2074 1682 2172 patriam
1696 2087 1822 2155 transf

414 2196 593 2295 migrante
606 2209 631 2282 ¹,
647 2201 722 2293 ejus
734 2194 836 2294 gleba
850 2198 1014 2295 corporis
1034 2196 1071 2267 in
1089 2191 1263 2269 coenobio
1274 2221 1381 2295 supra
1392 2210 1593 2268 memorato
1607 2212 1691 2269 ante
1701 2195 1812 2269 altare

414 2317 508 2390 beati
527 2318 624 2391 Petri
642 2319 793 2417 apostoli
809 2346 893 2392 cum
913 2318 1032 2391 choris
1050 2319 1281 2419 psallentium
1302 2318 1408 2389 simul
1431 2334 1468 2390 et
1485 2318 1651 2391 llentium
1672 2316 1813 2395 honore

415 2438 539 2515 debito
564 2457 616 2514 est
639 2442 794 2541 sepulta,
815 2441 858 2514 ad
879 2447 978 2541 cujus
1003 2442 1119 2516 levam
1136 2443 1173 2515 in
1193 2467 1346 2540 corpore
1370 2442 1523 2542 quiescit
1551 2442 1808 2534 Guantelmus,

415 2560 638 2636 venerandus
655 2564 821 2652 antistes,
848 2567 910 2665 qui
935 2565 1086 2663 proprio
1107 2565 1335 2652 interventu,
1356 2578 1464 2664 atque
1486 2565 1695 2638 ostensione
1720 2565 1812 2640 inte·

416 2685 522 2757 rioris
540 2685 673 2757 tunicae
690 2710 829 2786 semper
848 2686 1001 2784 virginis
1015 2686 1159 2774 Mariae,
1176 2682 1221 2756 ab
1238 2683 1427 2760 obsidione
1444 2685 1546 2757 urbis
1560 2684 1700 2761 odiosas
1714 2683 1812 2762 Nor·
1836 2701 1837 2704 ’

416 2832 637 2879 mannorum
649 2805 770 2906 abegit
781 2807 986 2908 phalanges.
1003 2807 1140 2880 Deinde
1159 2806 1353 2881 Fulhertus
1363 2808 1495 2908 praesul
1509 2823 1519 2848 ²
1535 2809 1809 2901 memorandus,

416 2931 478 3028 qui
491 2945 637 3028 quantae
655 2930 766 3002 fuerit
781 2932 965 3029 sapientiae
976 2934 1050 3030 ejus
1064 2930 1280 3032 agiographa
1304 2932 1395 3003 mira
1416 2930 1605 3005 dulcedine
1622 2931 1812 3033 llagrantia

417 3050 619 3150 legentibus
638 3052 837 3125 insinuant.
854 3053 910 3126 Ad
923 3053 1107 3126 dexteram
1121 3081 1230 3144 vero,
1252 3053 1470 3129 Teodericus
1485 3057 1674 3155 episcopus
1683 3110 1693 3145 ,
1711 3060 1813 3156 cujus

417 3172 621 3249 Ambrosiae
633 3202 718 3275 opes
730 3176 830 3248 velut
847 3194 990 3251 torrens
1007 3178 1211 3266 affluentes,
1231 3179 1435 3278 preclarum
1455 3206 1547 3279 opus
1567 3178 1671 3252 almae
1688 3183 1813 3255 matris
1934 3185 1939 3192 ’

416 3297 567 3370 Domini
600 3297 690 3369 aulae
714 3299 958 3397 complentes,
986 3300 1142 3398 perediae
1162 3327 1310 3400 quoque
1333 3319 1440 3402 atque
1462 3300 1635 3375 bibesiae³
1661 3304 1813 3404 inopum

412 3420 548 3519 jugiter
563 3421 724 3494 oviantes
737 3427 764 3509 ⁴,
784 3448 884 3496 sacro
902 3421 1054 3521 dignum
1068 3425 1255 3523 praeconio
1269 3425 1441 3498 efficiunt.

465 3670 516 3740 X.
554 3671 638 3743 Post
666 3669 808 3745 obitum
833 3673 989 3776 denique
1020 3702 1101 3776 sepe
1127 3676 1350 3751 memorandi
1379 3678 1542 3776 praesulis
1568 3676 1785 3776 Ragcnfredi
1798 3731 1810 3766 ,

418 3791 664 3889 episcopavit⁵
691 3793 805 3867 frater
827 3801 901 3896 ejus
926 3798 1131 3887 Arduinus,
1162 3801 1285 3875 locum
1307 3804 1381 3900 ejus
1406 3798 1597 3891 obtinens,
1624 3826 1701 3874 non
1726 3800 1815 3873 reli-

419 3912 584 4009 gionem3
602 3916 664 4013 qui
683 3914 778 3988 fastu
794 3917 972 4017 superbiae
990 3920 1150 3993 tumidus
1167 3922 1248 4022 plus
1267 3948 1362 4023 equo
1382 3922 1578 3995 secularem
1597 3919 1815 4022 sequebatur

417 4032 671 4109 ambitionem.
689 4037 795 4113 Unde
811 4040 1015 4116 factumest
1031 4061 1073 4116 ut
1089 4043 1286 4120 monachos
1304 4071 1430 4119 exosos
1448 4042 1614 4134 haberet,
1634 4071 1675 4117 ac
1688 4071 1817 4121 eorum

418 4156 653 4231 commodum
668 4188 772 4234 suum
787 4162 867 4238 fore
883 4193 1057 4265 magnum
1074 4183 1217 4266 putaret
1229 4167 1505 4242 detrimentum.
1520 4168 1704 4269 Quicquid
1716 4171 1813 4244 enim

418 4279 681 4356 monachorum
710 4285 835 4359 usibus
863 4290 1016 4362 eximius
1044 4291 1175 4390 praesul
1205 4308 1426 4365 concesserat
1454 4291 1690 4366 oblucuvians
1713 4295 1812 4394 quasi

459 4529 468 4554 ¹
492 4520 577 4578 Anno
590 4518 663 4603 960.
1175 4533 1186 4577 ⁴
1202 4530 1245 4590 lta
1258 4529 1360 4603 codex,
1375 4529 1492 4590 sortasse
1504 4554 1556 4612 pro
1569 4532 1725 4604 obviantes,
1737 4531 1816 4612 quod

458 4626 469 4652 ²
493 4617 577 4676 huno
596 4641 683 4701 ¹⁰⁰7·
1134 4641 1207 4687 esset
1224 4628 1300 4687 idem
1316 4651 1349 4687 ac
1360 4629 1556 4711 providentes.

458 4712 469 4749 ³
490 4715 615 4774 Peredia
636 4717 742 4777 edendi
764 4720 902 4793 aviditas;
922 4721 1030 4780 hiberia
1052 4723 1099 4781 bi·
1175 4721 1188 4760 ⁵
1209 4724 1293 4784 Anno
1308 4721 1382 4808 960,

416 4809 503 4870 bendi
523 4814 664 4890 aviditas,
681 4837 717 4877 cx
736 4816 971 4898 interpretatione
991 4821 1098 4880 Domni

416 4906 528 4990 Muley.
