4462 6120
738 740 775 812 a.
796 738 938 812 sarar
964 710 1302 809 clanorausrs
1644 732 1712 804 115

325 904 371 952 ne
387 881 544 979 populus
566 907 626 957 eos
651 883 745 957 intra
767 885 963 957 aecclesiam
979 880 1218 968 interficeret3
1244 897 1281 953 et
1298 882 1348 953 sic
1365 879 1408 953 de
1425 878 1564 979 gremio
1582 895 1713 950 sanctae

323 1005 491 1077 aecclesiae
511 1009 612 1105 ejecti
630 1025 728 1080 sunt.
750 1008 821 1101 Qui
844 1034 927 1079 cum
945 1008 1178 1106 ejicerentur,
1197 1006 1321 1106 regina
1342 1003 1535 1102 Stephani,
1553 1004 1607 1075 sui
1624 1000 1714 1076 olim

323 1125 555 1219 confessoris,
575 1129 818 1219 sambuculo,
838 1157 947 1231 quem
963 1156 1073 1202 manu
1089 1127 1269 1228 gestabat,
1285 1127 1433 1201 oculum
1450 1126 1557 1197 eruit.
1577 1123 1713 1197 Deinde

322 1265 423 1323 extra
451 1253 606 1325 civitatis
637 1253 756 1327 educti
787 1281 933 1343 muros,
966 1256 1004 1326 in
1031 1251 1187 1354 quodam
1218 1250 1426 1352 tuguriolo,
1456 1249 1602 1347 copioso
1631 1247 1713 1345 igne

322 1397 488 1461 accenso,
508 1392 641 1473 praeter
657 1403 775 1448 unum
788 1377 962 1450 clericum
974 1394 1081 1475 atque
1097 1400 1208 1446 unam
1223 1371 1457 1459 monacham,
1474 1397 1558 1442 cum
1573 1368 1713 1443 nefario

323 1493 484 1591 pulvere,
504 1496 547 1570 de
564 1524 639 1597 quo
655 1526 762 1598 supra
779 1498 951 1588 diximus,
971 1498 1119 1572 cremati
1136 1512 1234 1568 sunt.
1251 1495 1410 1568 Clericus
1421 1493 1520 1567 enirn
1533 1508 1570 1565 et
1585 1515 1715 1564 mona-

323 1614 387 1691 cha
405 1634 500 1691 nutu
518 1618 643 1693 divino
662 1623 905 1720 resipuerunt.

783 1856 1132 1948 CAPITULUM
1164 1855 1243 1944 IV.

458 2078 502 2138 De
517 2079 642 2140 aecclesia
657 2079 693 2139 de
708 2081 882 2155 Fontinido,
897 2102 984 2161 quarn
999 2079 1066 2140 serit
1080 2079 1201 2140 liberam
1217 2077 1379 2138 Rodbertus
1394 2076 1581 2157 archipresul.

378 2282 402 2331 *
415 2312 432 2353 a
447 2279 523 2355 Deo
536 2289 545 2318 ¹
565 2297 602 2353 et
615 2282 775 2356 Domino
790 2297 917 2356 nostro
931 2278 1040 2354 lhesu
1052 2278 1197 2356 Christo
1214 2279 1442 2381 presidente.
1457 2278 1714 2367 Decernimus,

324 2430 391 2505 ego
408 2402 632 2492 Radbertus,
652 2404 766 2504 gratia
778 2404 843 2477 Dei
856 2403 1050 2503 Rotomagi
1065 2400 1311 2503 archipresul,
1327 2419 1363 2477 et
1380 2403 1581 2504 coepiscopi
1599 2404 1715 2475 nostri

323 2525 522 2599 Herbertus
541 2528 668 2599 Lisivae
687 2526 860 2614 civitatis,
883 2522 1086 2598 Rodbertus
1106 2526 1346 2615 Constantiae,
1366 2523 1559 2601 Radbodus
1579 2526 1713 2613 Saxiae,

324 2650 431 2748 Ilugo
459 2652 612 2722 civitatis
642 2648 823 2738 Ebroicae3
845 2647 1090 2737 decernimus,
1121 2650 1289 2748 inquam,
1308 2665 1416 2750 atque
1435 2650 1652 2737 sanccimus,
1674 2664 1716 2720 ut

324 2772 481 2845 aecclesia
499 2772 542 2843 de
560 2771 771 2861 Fontinido,
785 2798 854 2872 pro
872 2797 994 2846 amore
1007 2786 1044 2843 et
1057 2770 1196 2844 honore
1210 2771 1322 2843 sancti
1336 2771 1447 2860 Petri,
1467 2771 1716 2870 apostolorum

323 2895 497 2992 principis
524 2909 561 2965 et
587 2894 748 2992 magistri
777 2894 914 2981 nostri,
942 2892 986 2964 ab
1010 2892 1075 2965 hac
1098 2893 1155 2966 die
1181 2894 1218 2964 in
1241 2910 1456 2992 perpetuum
1478 2892 1523 2965 ab
1546 2894 1647 2967 omni
1671 2893 1717 2964 sit

325 3014 576 3116 inquietudine
601 3031 674 3086 tam
696 3016 851 3114 episcopi
875 3041 985 3113 quam
1004 3015 1247 3088 archidiaconi
1268 3032 1432 3101 remota;
1457 3014 1584 3090 eodem
1605 3014 1715 3090 modo

324 3164 397 3237 quo
411 3154 449 3211 et
464 3136 600 3211 Gesiaci
618 3136 704 3211 cella
718 3137 838 3209 Sancti
855 3137 951 3209 Petri
966 3137 1197 3210 Caruotensis
1211 3135 1374 3212 coenobii
1389 3162 1472 3209 curn
1487 3135 1544 3208 illa
1559 3136 1716 3210 aecclesia

324 3276 377 3332 est
396 3258 574 3359 subjecta,
599 3258 643 3331 ab
667 3260 789 3347 omni,
814 3259 982 3359 inquam,
1004 3276 1170 3359 respectu
1188 3276 1224 3332 et
1241 3257 1492 3358 inquietudine
1508 3276 1717 3356 permaneat

325 3409 468 3471 secura,
502 3381 617 3455 tribus
643 3380 698 3454 his
723 3381 954 3457 solummodo
981 3382 1138 3485 exceptis
1166 3412 1175 3455 z
1203 3379 1388 3468 videlicet,
1417 3381 1526 3479 ipsius
1547 3380 1715 3455 aecclesiae

323 3505 638 3595 reconciliatione,
658 3505 728 3580 olei
750 3520 786 3577 et
807 3506 895 3577 sacri
911 3502 1111 3576 chrismatis
1127 3504 1380 3604 perceptione,
1400 3518 1436 3576 et
1453 3504 1715 3602 poenitentium

323 3627 631 3702 reconciliatione.
654 3627 744 3720 Quae
762 3628 884 3701 omnia
894 3681 906 3718 ,
930 3627 1023 3698 sicut
1040 3653 1131 3726 opus
1147 3624 1279 3714 fuerit,
1299 3624 1344 3696 ab
1360 3626 1530 3725 episcopo
1546 3628 1648 3725 cujus
1662 3643 1716 3699 est

323 3747 472 3823 diocesis
489 3750 735 3850 postulentur,
754 3764 790 3822 et
808 3748 853 3821 ab
870 3747 997 3824 eodem
1012 3749 1124 3850 gratis
1140 3765 1177 3822 et
1189 3745 1324 3849 absque
1337 3746 1409 3820 ulla
1427 3749 1569 3848 praemii
1586 3763 1715 3847 postu-

323 3872 459 3948 latione
469 3873 526 3946 vel
542 3872 701 3962 datione,
720 3888 872 3972 propter
891 3871 1069 3948 honorem
1082 3871 1204 3945 Sancti
1222 3871 1334 3957 Petri,
1356 3869 1609 3963 conferantur,
1623 3886 1665 3943 ut
1679 3888 1714 3945 et

324 4023 390 4071 nos
411 4010 449 4069 et
469 4021 690 4070 successores
713 4012 857 4070 nostros
882 3993 928 4067 ab
950 3994 1052 4073 omni
1071 3997 1162 4096 jugo
1184 3994 1320 4094 peccati
1343 3992 1514 4095 dignetur
1531 3991 1715 4068 absolvere

324 4117 518 4216 supradicti
536 4118 699 4216 magistri
721 4118 837 4192 nostri
855 4132 1012 4218 potestas
1029 4133 1067 4191 et
1085 4116 1342 4190 misericordia.
1360 4118 1410 4189 Et
1425 4134 1468 4189 ut
1485 4116 1562 4189 haec
1578 4116 1715 4190 noticia

325 4241 535 4314 inconcussa
546 4256 773 4339 permaneat,
790 4238 955 4313 manibus
970 4240 1104 4313 nostris
1120 4264 1197 4311 eam
1212 4236 1483 4327 roboravimus,
1501 4240 1606 4339 signo
1622 4264 1715 4340 quo-

323 4388 394 4462 que
415 4379 452 4435 et
473 4359 687 4436 nominibus
708 4362 1044 4452 corroboravimus,
1070 4378 1106 4436 et
1124 4362 1342 4437 Guasceliuo
1361 4358 1633 4451 archidiacono,
1655 4363 1714 4434 cui

323 4485 390 4558 sub
403 4512 461 4559 me
474 4487 624 4585 propius
637 4486 829 4575 intererat,
849 4484 1131 4586 consignandam
1148 4502 1185 4558 et
1203 4482 1489 4560 confirmandam
1501 4501 1538 4558 et
1549 4483 1627 4557 aliis
1641 4482 1715 4557 cle-

324 4608 408 4680 ricis
425 4624 462 4681 et
478 4608 577 4682 laicis
595 4609 731 4685 nostris
746 4610 1014 4708 proposuimus.
1035 4607 1072 4681 Si
1095 4608 1177 4708 quis
1195 4634 1283 4682 vero
1301 4605 1535 4681 antichristus
1552 4604 1621 4681 hoc
1638 4606 1716 4706 pie·

325 4730 409 4801 tatis
423 4755 534 4830 opus,
553 4729 652 4832 quod
671 4732 709 4803 in
726 4731 791 4804 Dei
809 4731 957 4835 nomine
975 4729 1158 4821 cudimus,
1176 4730 1390 4805 attaminare
1407 4729 1654 4830 temptaverit,
1672 4756 1716 4803 ex

372 4963 378 4989 ¹
395 4950 517 5015 Editio
537 4953 620 5013 Gall.
640 4953 757 5026 Christ,
772 4966 795 5014 t.
811 4952 908 5028 Vlll,
922 4953 1016 5028 insta,
1034 4951 1090 5012 col.
1107 4971 1180 5035 297,
