4462 6120
742 717 778 786 s.
800 716 942 788 rarat
969 712 1307 790 cauuorsnsrs
1670 701 1718 793 ‘aa

324 858 515 956 presbiter.
543 858 778 950 Airmandus,
801 860 993 961 presbiter.
1020 862 1247 937 Bernoardus
1259 863 1451 963 presbiter.
1480 844 1717 958 Benedictus,

323 981 514 1081 presbiter.
534 984 742 1075 Odelricus,
761 985 925 1060 acolitus.
947 985 1181 1074 Lambertus,
1198 987 1362 1062 acolitus.
1388 988 1622 1081 Galcberius,
1640 966 1722 1067 aco·

325 1103 424 1177 litus.
458 1105 685 1196 Hardradus,
717 1106 881 1180 clericus.
907 1106 1217 1208 warengaudus,
1249 1109 1414 1183 clericus.
1447 1113 1535 1185 Data
1561 1113 1722 1188 kalendis

325 1226 508 1317 octobris,
531 1255 628 1302 anno
645 1255 669 1302 v
686 1247 861 1329 regnante
881 1255 966 1329 rege
991 1229 1189 1306 Ludovico.
1209 1230 1421 1331 Aregarius,
1442 1232 1486 1307 ad
1501 1235 1723 1309 vicemcta-

326 1352 478 1440 mentis,
498 1354 688 1452 scripsit.»

376 1474 646 1576 Quoquomodo
666 1492 787 1576 postea
807 1474 884 1548 haec
902 1501 958 1548 res
974 1477 1184 1575 praescripta
1204 1476 1335 1550 abierit
1350 1481 1473 1554 nescio
1483 1509 1493 1568 ς
1516 1479 1585 1555 hoc
1602 1496 1723 1553 tamen

327 1598 423 1685 scio,
443 1598 528 1698 quia
551 1596 708 1671 domnus
736 1595 845 1669 abbas
872 1597 1070 1669 Landricus
1096 1597 1196 1670 hunc
1225 1601 1443 1699 aripennum
1471 1604 1604 1691 vineae,
1636 1601 1725 1674 dum

327 1737 495 1817 praeesset
507 1721 590 1797 loco
605 1721 727 1794 Sancti
744 1722 855 1810 Petri,
871 1747 890 1793 a
908 1719 1067 1822 quodam
1084 1721 1231 1812 clerico,
1251 1722 1414 1799 Albuino
1430 1726 1594 1814 nomine,
1611 1741 1727 1798 taxata

327 1844 480 1941 pecunia
496 1846 597 1916 emit.
625 1845 728 1917 Emit
748 1845 856 1917 etiam
874 1844 986 1916 alium
1005 1845 1223 1943 aripennum
1238 1847 1355 1918 vineae
1373 1845 1526 1920 inferius
1544 1849 1583 1920 in
1601 1847 1728 1921 eodem

328 1965 449 2042 clauso
466 1993 484 2038 a
504 1967 707 2066 presbitero
727 1968 848 2040 Sancti
870 1968 1019 2056 Emani,
1044 1969 1194 2042 nomine
1218 1969 1435 2058 Dominico,
1464 1973 1565 2070 cujus
1588 1994 1725 2044 nomen

328 2089 524 2188 aripennus
542 2091 657 2162 vinear
675 2087 791 2163 adbuc
808 2091 955 2163 retinet.

799 2351 1148 2441 CAPITULUM
1181 2353 1266 2441 ΙΙΙ.

580 2581 623 2639 De
640 2602 706 2639 area
722 2579 850 2639 ianuarii
866 2579 1039 2660 Lupcbiaci,
1057 2578 1168 2640 duobus
1183 2579 1318 2641 fratribus
1333 2602 1479 2640 concessa.

384 2815 402 2853 a
417 2786 457 2857 ln
473 2785 622 2859 nomine
635 2785 698 2856 Dei
714 2783 840 2855 aeterni
856 2799 893 2856 et
905 2782 1090 2856 salvatoris
1100 2783 1217 2859 nostri
1227 2781 1335 2857 Jbesu
1349 2782 1497 2858 Christi.
1514 2784 1589 2857 Nos
1600 2782 1731 2887 fratres
1755 2813 1831 2873 sjua.
1844 2811 1902 2860 aar.

333 2934 372 2979 ac
396 2908 559 2979 canonici
581 2906 788 2981 monasterii
815 2906 936 2977 Sancti
963 2905 1083 2991 Petri,
1111 2904 1211 3004 quod
1238 2923 1291 2978 est
1308 2907 1347 2977 in
1369 2904 1548 2981 suburbio
1565 2906 1732 2984 Garnotis

333 3030 486 3101 civitatis
494 3084 504 3118 ,
517 3029 624 3101 sacris
635 3026 802 3099 laudibus
817 3027 1040 3115 insistentes,
1055 3042 1188 3097 notum
1201 3052 1273 3100 esse
1286 3026 1457 3100 volumus
1470 3030 1610 3102 cunctis
1623 3030 1732 3130 ipsius

332 3153 540 3226 monasterii
573 3149 738 3224 fidelibus
771 3147 1013 3250 praesentibus
1043 3176 1083 3221 ac
1110 3147 1245 3221 futuris
1255 3203 1265 3237 ‚
1298 3150 1383 3250 quia
1411 3152 1559 3223 veniens
1584 3150 1732 3254 quidam

332 3275 402 3362 vir,
417 3274 595 3349 vocabulo
610 3272 826 3346 Adremarus
834 3327 845 3361 ,
865 3288 1027 3346 nostram
1041 3285 1125 3343 ante
1138 3270 1387 3370 praesentiam,
1404 3269 1592 3345 humiliter
1604 3272 1732 3374 depre-

334 3420 417 3469 cans
435 3413 477 3467 ut
497 3395 566 3468 sibi
587 3413 624 3469 et
640 3395 744 3467 fratri
762 3421 828 3469 suo
846 3392 993 3469 Ebboni
1003 3447 1014 3482 ‚
1035 3417 1182 3493 suaeque
1196 3398 1313 3467 sorori
1330 3389 1530 3486 Eldesindi‚
1550 3393 1732 3494 quandam

333 3545 467 3608 aream,
487 3545 595 3619 super
617 3517 769 3590 lluvium
788 3514 970 3604 Audurae,
996 3540 1079 3587 cum
1101 3513 1275 3586 farinario
1300 3514 1445 3587 noviter
1466 3513 1512 3586 ab
1536 3516 1614 3614 ipso
1639 3543 1733 3592 con-

332 3660 493 3732 structo,
509 3669 587 3716 non
596 3642 705 3740 longe
717 3669 737 3712 a
747 3638 831 3712 villa
842 3664 926 3740 quae
937 3655 1087 3713 vocatur
1100 3635 1338 3736 Lupchiacus,
1352 3664 1417 3737 per
1427 3664 1578 3711 manum
1589 3638 1732 3714 firmam

333 3766 546 3838 censualiter
562 3792 606 3838 ex
623 3780 750 3836 nostro
769 3759 1031 3834 indominicato
1047 3758 1345 3848 concederemus,
1367 3757 1467 3860 quod
1482 3761 1628 3862 quidem
1641 3787 1733 3835 uua-

335 3890 449 3962 nimes
471 3914 651 3961 assensum
674 3884 898 3986 praebentes,
923 3883 1086 3983 benigno
1109 3881 1232 3959 favore
1254 3884 1483 3974 assensimus,
1510 3884 1732 3987 eandemque

334 4038 452 4086 aream
467 4008 642 4111 perhanc
664 4009 918 4084 auctoritatem
939 4007 1200 4092 concessimus,
1220 4023 1261 4079 ut
1283 4007 1435 4107 desuper
1459 4007 1614 4083 firmiter
1628 4007 1733 4083 edifi-

335 4151 437 4223 cent,
457 4149 670 4209 construant
688 4148 725 4204 et
744 4130 974 4205 inmeliorare
991 4130 1175 4217 studeant;
1194 4154 1239 4203 eo
1256 4145 1362 4226 pacto
1379 4145 1420 4200 ut
1437 4130 1541 4202 annis
1558 4131 1729 4231 singulis,

335 4261 373 4330 in
390 4256 584 4330 festivitate
601 4254 779 4328 cathedrae
797 4256 919 4328 Sancti
936 4253 1053 4341 Petri,
1074 4280 1158 4354 quae
1174 4252 1296 4326 evenit
1314 4277 1381 4324 vin
1400 4251 1565 4327 kalendas
1585 4256 1729 4345 marcii,

335 4383 373 4453 in
391 4406 538 4453 censum
560 4379 742 4454 canonicis
761 4376 867 4477 hujus
883 4378 1112 4466 monasterii,
1128 4376 1288 4450 Domino
1300 4375 1561 4450 famulantibus
1578 4378 1732 4451 incunc-

336 4519 468 4592 tanter,
480 4500 612 4577 solidos
628 4500 951 4600 11110'persolvant3
965 4514 1001 4572 et
1017 4500 1046 4571 si
1064 4525 1107 4572 ex
1123 4496 1194 4571 hoc
1206 4523 1315 4571 censu
1326 4499 1364 4571 in
1375 4497 1548 4575 solvendo
1562 4498 1654 4573 tardi
1669 4516 1732 4572 aut

335 4627 558 4727 negligentes
582 4626 718 4698 inventi
742 4624 900 4711 fuerint,
927 4623 1090 4724 legaliter
1105 4620 1299 4696 emendent
1317 4640 1355 4696 et
1375 4622 1568 4721 praefatum
1589 4622 1733 4696 molen-

335 4748 465 4823 dinum
482 4768 647 4850 tempore
668 4750 752 4823 vitae
773 4776 846 4821 suae
864 4773 940 4820 non
961 4745 1133 4847 perdant3
1152 4763 1189 4820 et
1205 4746 1358 4845 amplius
1371 4747 1422 4819 eis
1437 4747 1475 4817 in
1492 4771 1639 4818 censum
1655 4772 1734 4822 non

335 4874 555 4974 requiratur,
571 4875 638 4945 nisi
656 4870 756 4974 quod
775 4871 939 4972 superius
956 4870 1167 4943 continetur
1182 4869 1379 4958 insertum3
1398 4885 1434 4942 et
1451 4865 1606 4942 babeant
1620 4867 1731 4944 licen·
