4462 6120
428 730 541 832 cxxxij
615 822 617 826 μ
789 798 792 803 ,
922 709 1314 802 PROLEGOMENES.

979 973 1040 1021 Les
1065 971 1258 1022 GOUTUMES.

480 1149 573 1230 101.
600 1151 928 1245 Comaetndines,
955 1180 995 1258 p.
1024 1147 1120 1247 130,
1140 1150 1165 1228 l.
1192 1179 1263 1262 ¹73
1289 1177 1329 1258 p.
1354 1145 1435 1231 230
1460 1165 1500 1226 et
1524 1142 1626 1243 2313
1651 1172 1690 1252 p.
1718 1144 1814 1256 247,

424 1319 456 1369 c.
482 1316 557 1386 213
577 1317 617 1398 p.
641 1285 743 1400 319,
763 1289 789 1368 l.
812 1289 851 1385 Δ.
871 1289 1062 1384 Esaeae,
1085 1283 1349 1396 p.83,l.11;
1371 1316 1411 1393 p.
1435 1281 1531 1381 1283
1554 1277 1813 1392 p.669,1.9.

425 1425 597 1504 Exactio
608 1425 791 1533 justitiae,
815 1454 854 1533 p.
879 1425 974 1537 247,
997 1454 1030 1504 c.
1048 1453 1115 1503 ar.
1138 1422 1355 1518 Graeceio,
1379 1452 1420 1528 p.
1437 1418 1540 1532 659,
1562 1449 1595 1499 c.
1617 1416 1814 1500 55.·Dans

423 1592 501 1642 une
517 1563 653 1643 charte
667 1591 757 1643 sans
774 1561 884 1662 date,
900 1565 999 1659 mais
1014 1566 1083 1674 qui
1101 1578 1282 1642 remonte
1298 1590 1348 1640 au
1363 1560 1498 1641 milieu
1516 1558 1573 1639 du
1588 1571 1662 1637 x11⁸
1678 1552 1813 1651 siecle,

423 1728 523 1779 nous
544 1717 736 1780 trouvons
753 1729 832 1780 une
852 1700 997 1809 phrase
1021 1702 1091 1809 qui
1116 1698 1255 1779 etahlit
1279 1726 1358 1779 une
1385 1695 1601 1777 diffdrence
1628 1710 1741 1773 entre
1757 1691 1813 1771 les

420 1855 525 1917 mots
552 1839 790 1919 consuetudo
814 1855 854 1917 et
877 1839 1042 1916 exactio.
1068 1836 1135 1915 On
1156 1866 1183 1942 y
1201 1835 1249 1913 lit
1272 1867 1280 1912 :
1308 1837 1471 1912 Belotua
1494 1832 1689 1938 lignarius
1706 1829 1812 1908 dedit

419 1975 528 2053 nobis
551 1977 592 2053 in
613 1977 865 2050 elemosinam.
880 1975 980 2054 dnos
996 1974 1234 2077 agripennos
1248 1971 1476 2062 vinearum,
1496 1970 1537 2046 in
1552 1967 1692 2074 quibus
1704 1965 1813 2045 dom-

419 2139 494 2189 nna
516 2110 615 2190 Urso
633 2110 682 2187 de
696 2109 847 2190 Fracta
868 2108 988 2186 Valle
1002 2107 1201 2213 quasdam
1215 2107 1386 2185 habebat
1403 2106 1711 2199 consuetudines,
1729 2104 1807 2197 ael,

419 2249 455 2324 si
481 2247 619 2325 melios
647 2246 801 2339 dicitnr,
834 2245 1070 2328 exactiones,
1100 2244 1156 2323 Le
1184 2262 1269 2323 mot
1294 2244 1590 2325 consuetudines
1616 2239 1813 2348 designait

420 2382 488 2464 des
509 2382 637 2463 droits
667 2380 807 2461 e'tablis
831 2410 904 2487 par
928 2381 1093 2490 Pasage,
1122 2381 1194 2460 tels
1218 2409 1295 2491 que
1314 2381 1351 2461 le
1370 2409 1485 2479 cens,
1511 2380 1546 2459 le
1571 2377 1745 2474 tonlieu‚
1775 2377 1813 2455 la

416 2522 577 2627 justice,
593 2537 666 2598 etc.
683 2523 709 2599 ¹.
728 2520 803 2599 Les
817 2520 1049 2615 exactiones,
1070 2548 1121 2601 au
1134 2520 1333 2602 contraire
1342 2577 1352 2620 ‚
1369 2517 1516 2600 e'taient
1532 2544 1584 2597 ou
1595 2512 1668 2601 ,des
1681 2510 1811 2603 droits

459 2779 1097 2861 ¹Voyezp.130,230et231.1escontumes
1132 2781 1218 2840 bente
1237 2779 1354 2839 domino
1382 2791 1411 2838 et
1435 2789 1515 2862 patre
1538 2798 1603 2838 meo
1629 2732 1808 2857 mgnum,

417 2874 456 2933 du
465 2875 570 2957 village
581 2878 616 2936 de
627 2875 767 2958 Mazangl
779 2890 843 2937 sont
851 2877 972 2937 decrites
983 2877 1054 2938 dans
1068 2879 1098 2937 la
1133 2880 1268 2958 episeopo
1288 2876 1477 2950 Camotensi,
1498 2889 1527 2936 et
1540 2874 1639 2934 multis
1652 2872 1716 2932 aliis
1730 2873 1811 2952 ejus·

418 2976 499 3054 piene
508 2975 638 3036 suivante
648 2974 688 3034 du
696 2977 769 3036 mois
779 2975 815 3036 de
825 2976 1094 3057 septembrelll3=
1133 2975 1341 3037 dem‘ecclesie
1363 2976 1509 3035 canonicis
1539 2985 1567 3035 et
1591 2971 1732 3053 personis.
1763 2968 1810 3029 lta

419 3119 464 3177 De
472 3120 628 3202 quitatione
636 3117 1097 3198 consuetudinumdeMasengeto
1133 3169 1279 3229 hominem
1309 3188 1356 3227 me
1386 3189 1447 3228 esse
1478 3167 1616 3227 confiteor
1645 3163 1809 3238 feodalem,

436 3215 712 3275 etdeanniaersario
722 3218 833 3275 comitis
842 3216 1079 3277 Isindocinensrs.
1203 3268 1210 3283 ,
1367 3267 1373 3281 ,
1409 3267 1416 3280 ,
1582 3264 1590 3282 ,

1133 3269 1262 3348 plegium
1283 3278 1418 3326 consutor
1438 3286 1505 3348 erga
1527 3262 1684 3344 capitulum
1705 3282 1812 3345 supra-

460 3389 474 3413 «
493 3361 554 3442 Ego
581 3359 727 3421 lohannes
752 3381 847 3421 comes
872 3359 1094 3421 vindocinensis
1133 3363 1242 3422 dictum
1258 3359 1295 3419 de
1309 3361 1360 3419 illo
1377 3361 1527 3422 factomeo
1540 3358 1812 3423 inviolabiliterols-

415 3459 556 3518 universis
560 3502 607 3517 .....
620 3458 693 3518 Cum
703 3460 778 3517 inter
787 3458 1001 3538 predecessores
1014 3478 1093 3516 meos
1130 3453 1283 3516 servando.
1307 3454 1362 3514 Pro
1378 3456 1465 3535 hujus
1480 3456 1625 3539 siquidem
1641 3456 1811 3538 quitationis

413 3557 530 3616 comites
546 3554 792 3627 Vindocinenses,
813 3577 849 3615 ex
868 3577 926 3614 una
947 3565 1046 3635 parte,
1064 3566 1092 3613 et
1129 3555 1271 3629 remedio,
1292 3555 1361 3615 dicti
1376 3549 1507 3616 canonici
1520 3547 1709 3616 carnotenses
1722 3540 1809 3614 anni·
1847 3548 1852 3556 ⁴

413 3653 573 3731 capitulum
592 3653 784 3727 Camotense,
805 3666 834 3711 et
851 3652 1014 3731 specialiter
1028 3673 1092 3732 pre-
1128 3655 1289 3715 versarium
1307 3675 1404 3713 meum
1418 3665 1446 3713 et
1460 3653 1550 3733 patris
1566 3654 1623 3712 mei
1636 3652 1668 3711 in
1686 3648 1809 3711 eeclesia

415 3750 520 3829 positos
536 3749 572 3809 de
585 3748 768 3830 Masengeio,
787 3769 824 3807 ex
837 3748 894 3807 alia
905 3791 913 3821 ,
926 3769 1012 3830 super
1028 3770 1093 3807 ma·
1131 3752 1300 3812 Carnotensi
1321 3750 1472 3810 annuatim
1491 3760 1626 3809 tenentur
1651 3746 1807 3808 celebrare.

416 3849 476 3925 jore
492 3848 606 3927 justicia
623 3846 659 3907 de
678 3846 865 3926 Masengeio,
886 3845 1018 3906 videlicet
1039 3846 1096 3908 ho-
1131 3847 1193 3930 Ego
1206 3862 1302 3908 autem
1318 3851 1349 3907 in
1366 3845 1534 3928 Masengeio
1549 3858 1578 3905 et
1594 3858 1654 3906 toto
1666 3844 1809 3909 territorio

416 3944 545 4017 micidio,
562 3943 650 4018 sarto,
664 3944 761 4005 duello
777 3957 807 4003 et
819 3956 916 4024 raptu,
932 3943 1095 4005 diulrabitn
1131 3946 1326 4027 appendente,
1338 3956 1371 4004 ut
1381 3945 1411 4003 in
1420 3943 1598 4017 bominibus,
1608 3942 1809 4003 tantummodo

419 4041 517 4101 luisset
531 4044 694 4118 contentio,
716 4064 769 4123 ego
790 4041 924 4114 tandem,
947 4040 1018 4099 mihi
1032 4042 1096 4119 jure
1132 4043 1185 4102 lrec
1198 4043 1322 4116 retinui,
1337 4043 1443 4102 scilicet
1455 4040 1534 4122 quod
1549 4040 1680 4101 homines
1692 4039 1729 4101 de
1744 4039 1808 4099 Μι-

424 4135 542 4218 capituli
556 4138 714 4211 declarato,
734 4158 787 4217 pro
807 4137 904 4196 anime
918 4158 981 4198 mee
999 4150 1028 4197 et
1042 4161 1097 4197 an·
1133 4140 1267 4222 sengeio‚
1287 4161 1339 4221 pro
1354 4140 1521 4199 necessitate
1535 4159 1617 4211 mea,
1633 4154 1727 4199 castro
1744 4156 1810 4197 meo
1865 4134 1868 4139 ’

423 4250 593 4296 teeessornm
607 4255 736 4294 meorum
750 4234 894 4307 remedio,
910 4236 934 4294 si
945 4234 1017 4314 quid
1025 4236 1098 4314 juris
1134 4237 1298 4296 Vindocino
1319 4235 1442 4296 reddent
1459 4235 1633 4310 custodiam,
1653 4248 1682 4296 et
1702 4236 1727 4295 si
1740 4248 1810 4296 tan-

424 4333 564 4393 habebam
585 4336 616 4392 in
638 4333 723 4392 rebus
746 4332 882 4412 predictis
908 4345 958 4392 aut
981 4333 1010 4391 in
1031 4333 1098 4393 aliis
1133 4335 1199 4394 dem
1212 4336 1242 4393 in
1260 4334 1474 4415 expeditionem
1488 4333 1605 4395 fecerim
1620 4335 1674 4395 iter
1687 4354 1739 4416 per
1752 4334 1810 4395 vit-

423 4432 501 4514 apud
526 4431 744 4513 Masengeium,
772 4444 822 4490 aut
847 4432 877 4489 in
900 4432 1042 4491 territorio
1071 4433 1096 4489 ei
1132 4433 1190 4492 lam
1204 4432 1239 4492 de
1254 4431 1422 4516 Masengeio
1437 4432 1645 4512 personaliter,
1661 4432 1808 4515 propriam

423 4531 587 4609 adjacente,
603 4529 640 4588 de
653 4547 771 4587 assensu
782 4524 893 4601 Marie,
905 4529 1002 4587 uxoris
1018 4548 1096 4600 mee,
1132 4550 1285 4611 personam
1295 4552 1388 4590 meam
1400 4543 1571 4612 sequentur;
1583 4532 1622 4590 ita
1632 4530 1717 4590 etiam
1730 4528 1809 4611 quod

422 4630 525 4689 sororis
540 4628 652 4689 comitis
664 4624 878 4699 Sancti-Pauli,
895 4624 968 4685 illud
982 4624 1097 4705 penitus
1132 4627 1232 4687 eodem
1246 4627 1294 4687 die
1313 4650 1371 4708 quo
1389 4629 1459 4687 moti
1477 4626 1600 4696 luerint,
1618 4638 1753 4708 potenmt
1770 4624 1809 4688 ad

422 4729 497 4786 bona
518 4726 575 4786 tide
595 4727 626 4785 in
649 4736 819 4805 perpetuum
841 4724 950 4802 quitavi
972 4723 1098 4803 capitulo
1132 4725 1247 4805 propria
1258 4745 1389 4784 remeare
1407 4736 1436 4782 et
1452 4735 1608 4783 costumam
1625 4744 1808 4783 communem

423 4824 608 4897 Carnotensi,
621 4835 649 4883 et
660 4822 744 4881 titulo
759 4821 918 4881 elemosine
929 4820 1002 4880 illud
1012 4840 1098 4900 snper
1133 4819 1299 4880 eorumdem
1320 4821 1469 4880 hominum
1491 4821 1527 4881 de
1542 4820 1708 4904 Masengeio
1726 4821 1809 4903 [red-

422 4923 511 4982 altare
524 4921 605 4980 beate
623 4919 717 4980 Marie
730 4919 824 5001 optuli
839 4919 869 4978 in
889 4918 1010 4979 ecclesia
1026 4917 1098 4977 Car·
1131 4914 1211 4996 dent]
1223 4938 1311 4999 qnam
1323 4930 1407 4976 antea
1422 4937 1535 4997 semper
1547 4915 1668 4997 pacifice
1685 4914 1809 4977 reddere

423 5021 554 5095 rotensi,
568 5016 674 5077 ibidem
692 5029 803 5079 astante
821 5028 850 5077 et
866 5037 1012 5077 emensum
1030 5036 1099 5095 pre·
1131 5026 1351 5077 consueverunt.
1376 5013 1478 5099 Hujus:
1489 5014 1531 5074 rei
1545 5025 1683 5075 testes...
1703 5013 1807 5075 Aetam

1076 3117 1083 3129 ·
1133 3078 1220 3134 etiam
1246 3073 1325 3156 quod
1353 3073 1477 3134 eundem
1505 3073 1695 3153 episcopum,
1727 3068 1811 3147 cujas
1917 3078 1923 3087 '
