4462 6120
740 731 779 805 s.
800 725 942 803 utrm
968 727 1307 834 cnnnorunsis.
1469 686 1472 692 '
1653 732 1718 802 isi

326 880 448 954 divina
469 881 601 954 merito
622 881 778 979 recepit3
803 903 888 951 nam
911 876 1059 967 infelix,
1083 893 1278 979 antequam
1299 903 1411 951 manu
1435 893 1599 978 tangeret
1621 876 1657 950 id
1680 878 1724 955 ad

326 1003 426 1106 quod
452 1002 684 1091 extenderat,
716 1003 910 1077 oculorum
937 1003 1074 1076 lumine
1100 1004 1229 1075 caruit.
1260 1003 1343 1097 Quo
1373 1001 1494 1093 facto,
1526 1003 1597 1078 loci
1629 1004 1725 1078 illius

326 1127 492 1202 homines
509 1127 547 1200 in
565 1149 641 1203 uno
659 1149 782 1202 tuneo
790 1122 1019 1227 conglobati,
1035 1153 1120 1198 cum
1132 1126 1308 1227 religiosis
1324 1129 1506 1229 personis,
1527 1152 1567 1199 ac
1584 1125 1725 1204 honore

324 1250 450 1327 debito
476 1249 596 1326 laudes
623 1252 878 1341 concinentes,
905 1267 1018 1324 tecam
1045 1252 1165 1337 illam,
1195 1277 1279 1323 cum
1304 1251 1413 1322 saeris
1438 1250 1621 1353 reliquiis,
1648 1252 1724 1324 sine

324 1371 533 1446 difficultate
550 1373 726 1461 levantes,
746 1375 967 1447 invenerunt
982 1374 1150 1472 martyris
1167 1390 1323 1473 caputet
1339 1375 1457 1474 apices
1475 1372 1721 1461 inconvulsas,

326 1493 420 1569 beati
442 1497 596 1572 Romani
618 1499 787 1597 martyris
806 1521 881 1572 esse
900 1514 1008 1597 caput
1023 1497 1326 1573 demonstrantes.
1352 1496 1460 1591 Quod
1481 1518 1566 1571 eum
1587 1525 1605 1570 a
1629 1515 1723 1570 terra

326 1618 519 1713 levaretur,
533 1619 626 1697 odor
640 1617 869 1694 suavissimus
883 1637 1004 1695 tentus
1015 1621 1146 1713 adfuit,
1161 1637 1204 1692 ut
1215 1645 1342 1696 omnes
1355 1623 1417 1723 qui
1434 1618 1582 1695 aderant
1597 1648 1633 1695 se
1645 1644 1724 1695 sen·
1789 1626 1792 1631 '

327 1745 395 1817 tire
412 1743 601 1817 crederent
617 1742 829 1819 odoramina
846 1743 1045 1819 redolentis
1060 1744 1230 1818 Paradisi.
1249 1747 1350 1818 lnter
1368 1743 1446 1817 hnc
1461 1743 1618 1844 denique
1634 1763 1725 1814 mar·

326 1863 413 1962 tyris
429 1867 547 1938 virtus
562 1890 638 1941 non
655 1866 793 1957 defuit,
818 1890 901 1940 nam
924 1866 1139 1968 praedictum
1160 1865 1346 1941 hominem
1368 1868 1509 1941 lumine
1529 1866 1721 1951 orbatum,

327 1989 386 2061 ille
403 1991 466 2091 qui
485 2013 610 2064 oecum
631 2017 651 2064 a
672 1993 862 2065 nativitate
876 2014 955 2068 non
971 1991 1185 2093 dedignatus
1201 2009 1254 2066 cst
1273 1990 1496 2080 illuminare,
1515 1992 1589 2090 ipse
1605 1989 1721 2077 hunc,

325 2115 464 2187 meritis
483 2115 638 2191 Romani
657 2118 825 2216 martyris
834 2171 845 2207 ‚
865 2117 909 2189 ad
926 2115 1067 2192 laudem
1085 2134 1121 2190 et
1138 2117 1292 2219 gloriam
1308 2116 1469 2191 nominis
1487 2118 1562 2214 ejus
1580 2115 1722 2188 clariori

324 2236 462 2312 lumine
492 2238 723 2312 illuminavit.
752 2241 816 2312 llis
844 2264 933 2341 ego,
964 2240 1021 2313 vel
1049 2241 1123 2339 ipse
1147 2241 1210 2341 qui
1237 2237 1346 2312 michi
1376 2237 1446 2313 hoc
1469 2238 1618 2327 retulit,
1648 2263 1723 2311 non

325 2360 498 2450 interfui;
520 2377 590 2454 set,
611 2377 654 2434 ut
668 2361 887 2453 affirmabat,
903 2361 1110 2464 Agohertus
1120 2419 1131 2456 ,
1150 2360 1430 2463 archipresbiter
1442 2378 1478 2434 et
1492 2359 1725 2462 postmodum

323 2483 453 2580 praesul
472 2486 682 2560 Carnotinae
698 2484 821 2578 urhis,
844 2484 1033 2574 interfuit,
1058 2512 1168 2585 aquo
1191 2500 1227 2558 et
1252 2484 1325 2586 ipse
1353 2482 1423 2559 hoc
1446 2483 1587 2557 didicit.
1616 2481 1724 2554 Nunc

327 2628 474 2707 quoque
489 2607 532 2680 ad
550 2611 737 2707 sequentia
755 2625 919 2682 vertatur
936 2608 1108 2706 pennula.

731 2862 1103 2957 CAPITULUM
1136 2864 1313 2955 XXVI.

384 3115 428 3174 De
442 3112 568 3173 aecclesia
581 3111 686 3174 Buxeti
702 3117 731 3173 in
747 3112 878 3187 Pestico,
892 3112 959 3173 data
974 3112 1011 3173 ab
1025 3110 1150 3190 lsnardol
1162 3113 1252 3172 milite
1266 3112 1370 3174 Sancto
1386 3108 1469 3172 Petro
1486 3116 1664 3175 Carnutensi.

376 3377 394 3416 u
418 3344 597 3420 Conditor
622 3361 730 3446 atque
757 3345 921 3420 Salvator
948 3359 1072 3419 noster
1096 3344 1274 3418 Dominus
1298 3341 1424 3416 lhesus
1448 3341 1630 3432 Christus,
1659 3347 1722 3446 qui
1750 3367 1839 3411 nni,
1855 3366 1924 3414 soso.

324 3494 450 3542 omnes
468 3467 632 3542 homines
647 3469 709 3541 vul
723 3467 838 3542 salvos
852 3467 929 3542 fieri
947 3467 1041 3540 etad
1054 3467 1277 3568 agnitionem
1292 3466 1451 3541 veritatis
1466 3468 1607 3558 venire,
1628 3481 1724 3541 orta-

324 3606 386 3662 tur
405 3616 471 3665 nos
491 3593 548 3689 pie
564 3617 605 3664 ac
621 3588 920 3679 misericorditer,
934 3586 1057 3663 dicens
1073 3588 1253 3662 :Honora
1271 3588 1474 3662 Dominum
1490 3589 1537 3662 de
1556 3607 1620 3663 tua
1636 3593 1723 3663 sub-

324 3715 461 3787 stantia
467 3748 485 3802 ,·
508 3716 668 3815 itemque
698 3745 706 3784 :
735 3715 836 3786 Date
857 3714 1095 3787 elemosinam
1121 3728 1155 3785 et
1180 3715 1306 3786 omnia
1330 3731 1414 3786 sunt
1435 3713 1540 3788 uobis
1566 3717 1719 3791 munda.

323 3836 479 3926 Idcirco,
493 3864 560 3938 ego
574 3837 785 3928 Hisnardus‚
802 3859 897 3910 unus
909 3835 1214 3926 Christianorum,
1228 3841 1303 3936 ejus
1317 3837 1412 3909 filius
1426 3838 1581 3937 suplicii,
1598 3841 1721 3915 volens

323 3959 498 4034 obaudire
518 3961 598 4035 voci
626 3961 785 4062 ejusdem
806 3961 955 4059 piissimi
979 3961 1127 4035 Domini
1152 3961 1224 4034 mei
1250 3959 1360 4035 lhesu
1386 3958 1539 4049 Christi,
1562 3964 1722 4038 concedo

318 4074 449 4156 'sancto
467 4083 594 4172 Petro,
613 4083 699 4157 coeli
717 4083 917 4185 clavigero,
941 4083 985 4156 ad
1002 4079 1215 4158 coenobium
1239 4086 1335 4184 ejus,
1359 4080 1458 4183 quod
1482 4083 1592 4156 situm
1611 4095 1663 4158 est
1683 4089 1722 4159 in

324 4205 507 4280 suburbio
515 4206 747 4299 Carnotensi,
764 4207 961 4283 aecclesiam
974 4227 1091 4280 meam
1103 4230 1190 4307 quae
1201 4215 1254 4279 est
1272 4207 1310 4277 in
1321 4204 1488 4297 *Buxido,
1505 4224 1589 4280 cum
1605 4210 1719 4299 atrio,

324 4326 1718 4430 ohrcmediumpatrisetmatrismcaeetantecessornmmeorumetseniorum3

324 4467 507 4527 annuente
521 4454 695 4528 Teudonc
709 4454 851 4530 seniore
865 4474 968 4545 meo,
984 4453 1061 4527 filio
1078 4452 1246 4542 Bosonis‚
1266 4453 1328 4554 qui
1347 4474 1425 4526 eam
1439 4468 1539 4528 tenet
1556 4478 1598 4528 ex
1616 4453 1722 4530 bene·

324 4576 409 4650 ficio
426 4577 533 4678 regis.
557 4580 614 4653 Ilo
638 4578 746 4653 etiam
764 4592 897 4653 terram
917 4581 1020 4677 juxta
1040 4575 1254 4664 ecclesiam,
1279 4591 1457 4677 quantum
1479 4595 1579 4649 arare
1601 4590 1721 4676 potest

324 4725 395 4773 una
418 4724 579 4775 carruca.
598 4703 678 4804 Ego
698 4722 787 4778 vero
805 4701 1086 4776 indominicatu
1106 4720 1184 4775 non
1202 4712 1311 4773 teneo
1329 4719 1454 4774 omnes
1473 4697 1647 4792 decimas,
1667 4710 1721 4774 set

324 4823 364 4895 in
380 4820 468 4898 fisco
483 4804 610 4899 tenent
632 4826 703 4900 mci
722 4824 887 4901 homines
908 4820 1104 4925 plurimas,
1130 4821 1265 4929 quihus
1289 4820 1469 4914 concessi,
1493 4836 1535 4896 ut
1557 4823 1720 4925 quisquis

324 4962 449 5020 sancto
460 4949 571 5023 Petro
580 4945 665 5024 dare
678 4949 850 5042 voluerit,
862 4970 908 5023 ex
919 4971 998 5022 mea
1011 4960 1114 5046 parte
1128 4943 1315 5021 licenciam
1331 4943 1472 5020 haheat.
1489 4944 1597 5021 Dono
1611 4945 1719 5020 etiam
