<?xml version="1.0" encoding="UTF-8"?>
<!DOCTYPE html PUBLIC "-//W3C//DTD XHTML 1.0 Transitional//EN"
    "http://www.w3.org/TR/xhtml1/DTD/xhtml1-transitional.dtd">
<html xmlns="http://www.w3.org/1999/xhtml" xml:lang="en" lang="en">
 <head>
  <title>
</title>
<meta http-equiv="Content-Type" content="text/html;charset=utf-8" />
  <meta name='ocr-system' content='tesseract 3.04.00' />
  <meta name='ocr-capabilities' content='ocr_page ocr_carea ocr_par ocr_line ocrx_word'/>
</head>
<body>
  <div class='ocr_page' id='page_1' title='image "./cartulairedelab00abbegoog_0528.png"; bbox 0 0 4462 6120; ppageno 0'>
   <div class='ocr_carea' id='block_1_1' title="bbox 474 725 1428 819">
    <p class='ocr_par' dir='ltr' id='par_1_1' title="bbox 474 725 1428 819">
     <span class='ocr_line' id='line_1_1' title="bbox 474 725 1428 819; baseline 0.003 -14"><span class='ocrx_word' id='word_1_1' title='bbox 474 735 551 805; x_wconf 76' lang='lat' dir='ltr'>na</span> <span class='ocrx_word' id='word_1_2' title='bbox 996 725 1347 819; x_wconf 76' lang='lat' dir='ltr'>nonasrnfflnn</span> <span class='ocrx_word' id='word_1_3' title='bbox 1423 800 1428 808; x_wconf 87' lang='lat'><strong>.</strong></span> 
     </span>
    </p>
   </div>
   <div class='ocr_carea' id='block_1_2' title="bbox 476 873 1870 1462">
    <p class='ocr_par' dir='ltr' id='par_1_2' title="bbox 476 873 1870 1462">
     <span class='ocr_line' id='line_1_2' title="bbox 477 873 1870 974; baseline -0.001 -22"><span class='ocrx_word' id='word_1_4' title='bbox 477 879 564 952; x_wconf 83' lang='lat' dir='ltr'>chus</span> <span class='ocrx_word' id='word_1_5' title='bbox 576 895 613 951; x_wconf 92' lang='lat' dir='ltr'>et</span> <span class='ocrx_word' id='word_1_6' title='bbox 627 875 838 966; x_wconf 64' lang='lat' dir='ltr'>libhardus,</span> <span class='ocrx_word' id='word_1_7' title='bbox 854 876 994 950; x_wconf 82' lang='lat' dir='ltr'>fratres.</span> <span class='ocrx_word' id='word_1_8' title='bbox 1010 875 1217 949; x_wconf 90' lang='lat' dir='ltr'>Gualterius</span> <span class='ocrx_word' id='word_1_9' title='bbox 1230 873 1421 974; x_wconf 75' lang='lat' dir='ltr'><strong>presbiter.</strong></span> <span class='ocrx_word' id='word_1_10' title='bbox 1438 873 1589 947; x_wconf 87' lang='lat' dir='ltr'>Urricus</span> <span class='ocrx_word' id='word_1_11' title='bbox 1603 874 1765 948; x_wconf 87' lang='lat' dir='ltr'>clericus.</span> <span class='ocrx_word' id='word_1_12' title='bbox 1782 877 1870 951; x_wconf 89' lang='lat' dir='ltr'>Ber-</span> 
     </span>
     <span class='ocr_line' id='line_1_3' title="bbox 477 996 1867 1099; baseline -0.001 -25"><span class='ocrx_word' id='word_1_13' title='bbox 477 1002 607 1074; x_wconf 87' lang='lat' dir='ltr'>nardus</span> <span class='ocrx_word' id='word_1_14' title='bbox 637 1000 761 1073; x_wconf 77' lang='lat' dir='ltr'>frater.</span> <span class='ocrx_word' id='word_1_15' title='bbox 790 997 964 1072; x_wconf 84' lang='lat' dir='ltr'>Radulfus</span> <span class='ocrx_word' id='word_1_16' title='bbox 991 1011 1026 1072; x_wconf 92' lang='lat' dir='ltr'>et</span> <span class='ocrx_word' id='word_1_17' title='bbox 1048 996 1269 1088; x_wconf 81' lang='lat' dir='ltr'>Richardus,</span> <span class='ocrx_word' id='word_1_18' title='bbox 1295 997 1448 1099; x_wconf 77' lang='lat' dir='ltr'>fratres,</span> <span class='ocrx_word' id='word_1_19' title='bbox 1473 1023 1557 1069; x_wconf 91' lang='lat' dir='ltr'>cum</span> <span class='ocrx_word' id='word_1_20' title='bbox 1580 1023 1705 1072; x_wconf 88' lang='lat' dir='ltr'>sorore</span> <span class='ocrx_word' id='word_1_21' title='bbox 1727 999 1867 1073; x_wconf 87' lang='lat' dir='ltr'>Emma.</span> 
     </span>
     <span class='ocr_line' id='line_1_4' title="bbox 477 1100 1869 1220; baseline 0 -26"><span class='ocrx_word' id='word_1_22' title='bbox 477 1121 655 1195; x_wconf 87' lang='lat' dir='ltr'>lsnardus.</span> <span class='ocrx_word' id='word_1_23' title='bbox 672 1120 845 1194; x_wconf 85' lang='lat' dir='ltr'>Radulfus</span> <span class='ocrx_word' id='word_1_24' title='bbox 858 1120 1005 1220; x_wconf 82' lang='lat' dir='ltr'>Pinguis</span> <span class='ocrx_word' id='word_1_25' title='bbox 1020 1120 1172 1220; x_wconf 81' lang='lat' dir='ltr'><strong>Lingua.</strong></span> <span class='ocrx_word' id='word_1_26' title='bbox 1190 1119 1376 1194; x_wconf 88' lang='lat' dir='ltr'>Girardus.</span> <span class='ocrx_word' id='word_1_27' title='bbox 1386 1100 1576 1193; x_wconf 76' lang='lat' dir='ltr'>Tiberius.</span> <span class='ocrx_word' id='word_1_28' title='bbox 1591 1123 1642 1193; x_wconf 93' lang='lat' dir='ltr'>De</span> <span class='ocrx_word' id='word_1_29' title='bbox 1658 1117 1869 1194; x_wconf 89' lang='lat' dir='ltr'>hominibus</span> 
     </span>
     <span class='ocr_line' id='line_1_5' title="bbox 476 1239 1866 1333; baseline -0.001 -17"><span class='ocrx_word' id='word_1_30' title='bbox 476 1245 597 1316; x_wconf 84' lang='lat' dir='ltr'>Sancti</span> <span class='ocrx_word' id='word_1_31' title='bbox 610 1244 705 1315; x_wconf 89' lang='lat' dir='ltr'>Petri</span> <span class='ocrx_word' id='word_1_32' title='bbox 722 1275 729 1314; x_wconf 93' lang='lat'>:</span> <span class='ocrx_word' id='word_1_33' title='bbox 743 1241 933 1328; x_wconf 86' lang='lat' dir='ltr'>Arnullus,</span> <span class='ocrx_word' id='word_1_34' title='bbox 949 1239 1156 1327; x_wconf 83' lang='lat' dir='ltr'>Rainaldus,</span> <span class='ocrx_word' id='word_1_35' title='bbox 1172 1241 1391 1333; x_wconf 82' lang='lat' dir='ltr'>Gualterius,</span> <span class='ocrx_word' id='word_1_36' title='bbox 1405 1239 1587 1313; x_wconf 89' lang='lat' dir='ltr'>Giraldus.</span> <span class='ocrx_word' id='word_1_37' title='bbox 1600 1241 1652 1315; x_wconf 90' lang='lat' dir='ltr'>De</span> <span class='ocrx_word' id='word_1_38' title='bbox 1662 1239 1866 1314; x_wconf 86' lang='lat' dir='ltr'>monachis:</span> 
     </span>
     <span class='ocr_line' id='line_1_6' title="bbox 476 1361 1782 1462; baseline -0.005 -25"><span class='ocrx_word' id='word_1_39' title='bbox 476 1367 574 1455; x_wconf 87' lang='lat' dir='ltr'>Odo,</span> <span class='ocrx_word' id='word_1_40' title='bbox 596 1365 747 1455; x_wconf 85' lang='lat' dir='ltr'>Strabo,</span> <span class='ocrx_word' id='word_1_41' title='bbox 766 1364 972 1450; x_wconf 84' lang='lat' dir='ltr'>Gervasius,</span> <span class='ocrx_word' id='word_1_42' title='bbox 994 1361 1192 1436; x_wconf 87' lang='lat' dir='ltr'>Herbertus</span> <span class='ocrx_word' id='word_1_43' title='bbox 1210 1363 1401 1462; x_wconf 86' lang='lat' dir='ltr'>presbiter,</span> <span class='ocrx_word' id='word_1_44' title='bbox 1422 1363 1596 1436; x_wconf 87' lang='lat' dir='ltr'>Arnulfus</span> <span class='ocrx_word' id='word_1_45' title='bbox 1617 1364 1744 1437; x_wconf 84' lang='lat' dir='ltr'>Rufus.</span> <span class='ocrx_word' id='word_1_46' title='bbox 1765 1394 1782 1432; x_wconf 79' lang='lat' dir='ltr'>n</span> 
     </span>
    </p>
   </div>
   <div class='ocr_carea' id='block_1_3' title="bbox 900 1601 1437 1712">
    <p class='ocr_par' dir='ltr' id='par_1_3' title="bbox 900 1601 1437 1712">
     <span class='ocr_line' id='line_1_7' title="bbox 900 1601 1437 1712; baseline 0 -2"><span class='ocrx_word' id='word_1_47' title='bbox 900 1601 1268 1712; x_wconf 75' lang='lat' dir='ltr'>caarnnsun</span> <span class='ocrx_word' id='word_1_48' title='bbox 1302 1622 1437 1710; x_wconf 80' lang='lat' dir='ltr'>xxr.</span> 
     </span>
    </p>
   </div>
   <div class='ocr_carea' id='block_1_4' title="bbox 865 1825 1478 1954">
    <p class='ocr_par' dir='ltr' id='par_1_4' title="bbox 865 1825 1478 1954">
     <span class='ocr_line' id='line_1_8' title="bbox 865 1825 1478 1954; baseline 0.002 -24"><span class='ocrx_word' id='word_1_49' title='bbox 865 1873 908 1930; x_wconf 85' lang='lat' dir='ltr'>De</span> <span class='ocrx_word' id='word_1_50' title='bbox 933 1872 1058 1953; x_wconf 86' lang='lat' dir='ltr'>quadam</span> <span class='ocrx_word' id='word_1_51' title='bbox 1079 1825 1154 1932; x_wconf 83' lang='lat' dir='ltr'>terra</span> <span class='ocrx_word' id='word_1_52' title='bbox 1178 1874 1208 1931; x_wconf 90' lang='lat' dir='ltr'>in</span> <span class='ocrx_word' id='word_1_53' title='bbox 1234 1871 1353 1952; x_wconf 79' lang='lat' dir='ltr'>Capella</span> <span class='ocrx_word' id='word_1_54' title='bbox 1376 1872 1478 1954; x_wconf 80' lang='lat' dir='ltr'>Regia.</span> 
     </span>
    </p>
   </div>
   <div class='ocr_carea' id='block_1_5' title="bbox 440 2099 1908 4140">
    <p class='ocr_par' dir='ltr' id='par_1_5' title="bbox 475 2099 1908 2572">
     <span class='ocr_line' id='line_1_9' title="bbox 528 2099 1871 2204; baseline 0.006 -33"><span class='ocrx_word' id='word_1_55' title='bbox 528 2136 544 2172; x_wconf 74' lang='lat' dir='ltr'>a</span> <span class='ocrx_word' id='word_1_56' title='bbox 563 2107 604 2176; x_wconf 93' lang='lat' dir='ltr'>ln</span> <span class='ocrx_word' id='word_1_57' title='bbox 624 2102 755 2175; x_wconf 80' lang='lat' dir='ltr'>Christi</span> <span class='ocrx_word' id='word_1_58' title='bbox 774 2099 935 2176; x_wconf 88' lang='lat' dir='ltr'>nomine.</span> <span class='ocrx_word' id='word_1_59' title='bbox 957 2106 1034 2203; x_wconf 80' lang='lat' dir='ltr'>Ego</span> <span class='ocrx_word' id='word_1_60' title='bbox 1057 2102 1281 2193; x_wconf 87' lang='lat' dir='ltr'>Gualterius,</span> <span class='ocrx_word' id='word_1_61' title='bbox 1300 2103 1490 2203; x_wconf 79' lang='lat' dir='ltr'>privignus</span> <span class='ocrx_word' id='word_1_62' title='bbox 1508 2103 1660 2204; x_wconf 79' lang='lat' dir='ltr'>Ansgoti</span> <span class='ocrx_word' id='word_1_63' title='bbox 1670 2157 1682 2192; x_wconf 93' lang='lat'>,</span> <span class='ocrx_word' id='word_1_64' title='bbox 1701 2120 1738 2178; x_wconf 91' lang='lat' dir='ltr'>et</span> <span class='ocrx_word' id='word_1_65' title='bbox 1755 2118 1871 2179; x_wconf 84' lang='lat' dir='ltr'>mater</span> 
     </span>
     <span class='ocr_line' id='line_1_10' title="bbox 476 2207 1868 2327; baseline 0.001 -29"><span class='ocrx_word' id='word_1_66' title='bbox 476 2254 552 2301; x_wconf 89' lang='lat' dir='ltr'>mea</span> <span class='ocrx_word' id='word_1_67' title='bbox 570 2225 763 2300; x_wconf 86' lang='lat' dir='ltr'>Pleitrudis</span> <span class='ocrx_word' id='word_1_68' title='bbox 773 2279 783 2311; x_wconf 96' lang='lat'>,</span> <span class='ocrx_word' id='word_1_69' title='bbox 804 2225 969 2299; x_wconf 86' lang='lat' dir='ltr'>volumus</span> <span class='ocrx_word' id='word_1_70' title='bbox 987 2241 1119 2299; x_wconf 89' lang='lat' dir='ltr'>notum</span> <span class='ocrx_word' id='word_1_71' title='bbox 1136 2207 1215 2299; x_wconf 88' lang='lat' dir='ltr'>fieri</span> <span class='ocrx_word' id='word_1_72' title='bbox 1235 2242 1308 2300; x_wconf 90' lang='lat' dir='ltr'>tam</span> <span class='ocrx_word' id='word_1_73' title='bbox 1325 2224 1564 2325; x_wconf 74' lang='lat' dir='ltr'>praesentibus</span> <span class='ocrx_word' id='word_1_74' title='bbox 1586 2253 1696 2327; x_wconf 79' lang='lat' dir='ltr'>qrtam</span> <span class='ocrx_word' id='word_1_75' title='bbox 1716 2226 1868 2317; x_wconf 87' lang='lat' dir='ltr'>futuris,</span> 
     </span>
     <span class='ocr_line' id='line_1_11' title="bbox 475 2348 1871 2449; baseline 0.001 -28"><span class='ocrx_word' id='word_1_76' title='bbox 475 2350 574 2449; x_wconf 92' lang='lat' dir='ltr'>qnod</span> <span class='ocrx_word' id='word_1_77' title='bbox 593 2348 700 2421; x_wconf 90' lang='lat' dir='ltr'>abbas</span> <span class='ocrx_word' id='word_1_78' title='bbox 719 2348 916 2421; x_wconf 88' lang='lat' dir='ltr'>Landricns</span> <span class='ocrx_word' id='word_1_79' title='bbox 938 2351 1149 2423; x_wconf 88' lang='lat' dir='ltr'>monasterii</span> <span class='ocrx_word' id='word_1_80' title='bbox 1171 2350 1293 2422; x_wconf 79' lang='lat' dir='ltr'><strong>Sancti</strong></span> <span class='ocrx_word' id='word_1_81' title='bbox 1316 2349 1414 2422; x_wconf 91' lang='lat' dir='ltr'>Petri</span> <span class='ocrx_word' id='word_1_82' title='bbox 1437 2349 1668 2422; x_wconf 86' lang='lat' dir='ltr'>Carnotensis</span> <span class='ocrx_word' id='word_1_83' title='bbox 1690 2349 1871 2448; x_wconf 82' lang='lat' dir='ltr'>sepissime</span> 
     </span>
     <span class='ocr_line' id='line_1_12' title="bbox 476 2471 1908 2572; baseline 0.001 -28"><span class='ocrx_word' id='word_1_84' title='bbox 476 2499 592 2544; x_wconf 91' lang='lat' dir='ltr'>meam</span> <span class='ocrx_word' id='word_1_85' title='bbox 610 2474 841 2570; x_wconf 73' lang='lat' dir='ltr'>praesentiam</span> <span class='ocrx_word' id='word_1_86' title='bbox 858 2472 990 2561; x_wconf 84' lang='lat' dir='ltr'>adivit,</span> <span class='ocrx_word' id='word_1_87' title='bbox 1012 2471 1207 2570; x_wconf 89' lang='lat' dir='ltr'>deprecans</span> <span class='ocrx_word' id='word_1_88' title='bbox 1224 2473 1396 2572; x_wconf 84' lang='lat' dir='ltr'>quatinus</span> <span class='ocrx_word' id='word_1_89' title='bbox 1414 2471 1595 2570; x_wconf 87' lang='lat' dir='ltr'>quandam</span> <span class='ocrx_word' id='word_1_90' title='bbox 1613 2487 1766 2559; x_wconf 88' lang='lat' dir='ltr'>terram,</span> <span class='ocrx_word' id='word_1_91' title='bbox 1787 2494 1871 2570; x_wconf 81' lang='lat' dir='ltr'>quae</span> <span class='ocrx_word' id='word_1_92' title='bbox 1905 2491 1908 2498; x_wconf 87' lang='lat'>&#39;</span> 
     </span>
    </p>

    <p class='ocr_par' dir='ltr' id='par_1_6' title="bbox 440 2590 1873 4140">
     <span class='ocr_line' id='line_1_13' title="bbox 440 2590 1873 2694; baseline -0.002 -28"><span class='ocrx_word' id='word_1_93' title='bbox 440 2616 444 2625; x_wconf 92' lang='grc'><em>’</em></span> <span class='ocrx_word' id='word_1_94' title='bbox 476 2608 529 2666; x_wconf 89' lang='lat' dir='ltr'>est</span> <span class='ocrx_word' id='word_1_95' title='bbox 546 2605 632 2694; x_wconf 88' lang='lat' dir='ltr'>aput</span> <span class='ocrx_word' id='word_1_96' title='bbox 650 2592 829 2691; x_wconf 84' lang='lat' dir='ltr'><strong>Capellam</strong></span> <span class='ocrx_word' id='word_1_97' title='bbox 848 2594 1016 2691; x_wconf 78' lang='lat' dir='ltr'>Regiam,</span> <span class='ocrx_word' id='word_1_98' title='bbox 1036 2610 1160 2665; x_wconf 86' lang='lat' dir='ltr'>sancto</span> <span class='ocrx_word' id='word_1_99' title='bbox 1180 2594 1289 2666; x_wconf 89' lang='lat' dir='ltr'>Petro</span> <span class='ocrx_word' id='word_1_100' title='bbox 1309 2590 1521 2663; x_wconf 81' lang='lat' dir='ltr'>tribuerem.</span> <span class='ocrx_word' id='word_1_101' title='bbox 1543 2590 1650 2683; x_wconf 87' lang='lat' dir='ltr'>Quod</span> <span class='ocrx_word' id='word_1_102' title='bbox 1665 2593 1767 2690; x_wconf 85' lang='lat' dir='ltr'>prius</span> <span class='ocrx_word' id='word_1_103' title='bbox 1784 2592 1873 2690; x_wconf 88' lang='lat' dir='ltr'>qui-</span> 
     </span>
     <span class='ocr_line' id='line_1_14' title="bbox 475 2710 1872 2809; baseline -0.001 -23"><span class='ocrx_word' id='word_1_104' title='bbox 475 2715 557 2788; x_wconf 90' lang='lat' dir='ltr'>dem</span> <span class='ocrx_word' id='word_1_105' title='bbox 573 2716 690 2787; x_wconf 85' lang='lat' dir='ltr'>facere</span> <span class='ocrx_word' id='word_1_106' title='bbox 709 2713 831 2798; x_wconf 92' lang='lat' dir='ltr'>nolui,</span> <span class='ocrx_word' id='word_1_107' title='bbox 852 2729 923 2801; x_wconf 92' lang='lat' dir='ltr'>set,</span> <span class='ocrx_word' id='word_1_108' title='bbox 947 2713 1023 2809; x_wconf 89' lang='lat' dir='ltr'>ipso</span> <span class='ocrx_word' id='word_1_109' title='bbox 1040 2713 1253 2808; x_wconf 82' lang='lat' dir='ltr'>persistente</span> <span class='ocrx_word' id='word_1_110' title='bbox 1273 2712 1310 2782; x_wconf 91' lang='lat' dir='ltr'>in</span> <span class='ocrx_word' id='word_1_111' title='bbox 1328 2736 1453 2809; x_wconf 91' lang='lat' dir='ltr'>prece,</span> <span class='ocrx_word' id='word_1_112' title='bbox 1474 2725 1617 2809; x_wconf 88' lang='lat' dir='ltr'>accepta</span> <span class='ocrx_word' id='word_1_113' title='bbox 1633 2712 1805 2808; x_wconf 85' lang='lat' dir='ltr'>peccunia</span> <span class='ocrx_word' id='word_1_114' title='bbox 1823 2710 1872 2784; x_wconf 84' lang='lat' dir='ltr'>ab</span> 
     </span>
     <span class='ocr_line' id='line_1_15' title="bbox 476 2832 1869 2935; baseline 0.001 -25"><span class='ocrx_word' id='word_1_115' title='bbox 476 2864 538 2925; x_wconf 90' lang='lat' dir='ltr'>eo,</span> <span class='ocrx_word' id='word_1_116' title='bbox 560 2841 671 2935; x_wconf 90' lang='lat' dir='ltr'>ipsam</span> <span class='ocrx_word' id='word_1_117' title='bbox 690 2855 824 2909; x_wconf 87' lang='lat' dir='ltr'>terram</span> <span class='ocrx_word' id='word_1_118' title='bbox 840 2852 964 2934; x_wconf 85' lang='lat' dir='ltr'>sancto</span> <span class='ocrx_word' id='word_1_119' title='bbox 980 2836 1088 2906; x_wconf 82' lang='lat' dir='ltr'>Petro</span> <span class='ocrx_word' id='word_1_120' title='bbox 1105 2832 1205 2922; x_wconf 85' lang='lat' dir='ltr'>dedi,</span> <span class='ocrx_word' id='word_1_121' title='bbox 1224 2849 1411 2906; x_wconf 85' lang='lat' dir='ltr'>annuente</span> <span class='ocrx_word' id='word_1_122' title='bbox 1429 2859 1511 2908; x_wconf 86' lang='lat' dir='ltr'>meo</span> <span class='ocrx_word' id='word_1_123' title='bbox 1527 2834 1668 2909; x_wconf 85' lang='lat' dir='ltr'>seniore</span> <span class='ocrx_word' id='word_1_124' title='bbox 1683 2832 1869 2926; x_wconf 83' lang='lat' dir='ltr'>Huberto,</span> 
     </span>
     <span class='ocr_line' id='line_1_16' title="bbox 477 2955 1871 3057; baseline -0.003 -24"><span class='ocrx_word' id='word_1_125' title='bbox 477 2989 519 3033; x_wconf 87' lang='lat' dir='ltr'>ex</span> <span class='ocrx_word' id='word_1_126' title='bbox 538 2963 637 3057; x_wconf 86' lang='lat' dir='ltr'>cujus</span> <span class='ocrx_word' id='word_1_127' title='bbox 654 2956 830 3030; x_wconf 83' lang='lat' dir='ltr'>beneficio</span> <span class='ocrx_word' id='word_1_128' title='bbox 850 2957 961 3056; x_wconf 88' lang='lat' dir='ltr'>ipsam</span> <span class='ocrx_word' id='word_1_129' title='bbox 980 2973 1113 3028; x_wconf 87' lang='lat' dir='ltr'>terram</span> <span class='ocrx_word' id='word_1_130' title='bbox 1131 2969 1332 3029; x_wconf 88' lang='lat' dir='ltr'>tenueram.</span> <span class='ocrx_word' id='word_1_131' title='bbox 1349 2955 1483 3029; x_wconf 83' lang='lat' dir='ltr'>Census</span> <span class='ocrx_word' id='word_1_132' title='bbox 1500 2971 1607 3029; x_wconf 86' lang='lat' dir='ltr'>terrae</span> <span class='ocrx_word' id='word_1_133' title='bbox 1623 2957 1716 3028; x_wconf 85' lang='lat' dir='ltr'>llll⁰r</span> <span class='ocrx_word' id='word_1_134' title='bbox 1733 2956 1871 3030; x_wconf 86' lang='lat' dir='ltr'>denarii</span> 
     </span>
     <span class='ocr_line' id='line_1_17' title="bbox 476 3064 1873 3176; baseline -0.001 -22"><span class='ocrx_word' id='word_1_135' title='bbox 476 3080 636 3157; x_wconf 88' lang='lat' dir='ltr'>solvendi</span> <span class='ocrx_word' id='word_1_136' title='bbox 649 3077 807 3152; x_wconf 83' lang='lat' dir='ltr'>kalendis</span> <span class='ocrx_word' id='word_1_137' title='bbox 817 3076 1044 3176; x_wconf 83' lang='lat' dir='ltr'>septembris,</span> <span class='ocrx_word' id='word_1_138' title='bbox 1059 3078 1096 3149; x_wconf 94' lang='lat' dir='ltr'>in</span> <span class='ocrx_word' id='word_1_139' title='bbox 1109 3077 1295 3150; x_wconf 86' lang='lat' dir='ltr'>nativitate</span> <span class='ocrx_word' id='word_1_140' title='bbox 1303 3093 1435 3149; x_wconf 83' lang='lat' dir='ltr'>sanctae</span> <span class='ocrx_word' id='word_1_141' title='bbox 1445 3078 1582 3151; x_wconf 85' lang='lat' dir='ltr'>Mariae.</span> <span class='ocrx_word' id='word_1_142' title='bbox 1597 3078 1646 3149; x_wconf 86' lang='lat' dir='ltr'>Et</span> <span class='ocrx_word' id='word_1_143' title='bbox 1656 3064 1783 3150; x_wconf 62' lang='lat' dir='ltr'>ut&#39;haec</span> <span class='ocrx_word' id='word_1_144' title='bbox 1796 3105 1873 3152; x_wconf 88' lang='lat' dir='ltr'>car·</span> 
     </span>
     <span class='ocr_line' id='line_1_18' title="bbox 477 3200 1869 3300; baseline 0.002 -27"><span class='ocrx_word' id='word_1_145' title='bbox 477 3203 549 3275; x_wconf 89' lang='lat' dir='ltr'>tula</span> <span class='ocrx_word' id='word_1_146' title='bbox 568 3201 670 3275; x_wconf 88' lang='lat' dir='ltr'>firma</span> <span class='ocrx_word' id='word_1_147' title='bbox 689 3216 912 3299; x_wconf 88' lang='lat' dir='ltr'>permaneat,</span> <span class='ocrx_word' id='word_1_148' title='bbox 927 3227 1004 3273; x_wconf 92' lang='lat' dir='ltr'>mea</span> <span class='ocrx_word' id='word_1_149' title='bbox 1019 3226 1129 3270; x_wconf 88' lang='lat' dir='ltr'>manu</span> <span class='ocrx_word' id='word_1_150' title='bbox 1147 3200 1293 3299; x_wconf 82' lang='lat' dir='ltr'>signum</span> <span class='ocrx_word' id='word_1_151' title='bbox 1306 3200 1422 3272; x_wconf 90' lang='lat' dir='ltr'>crucis</span> <span class='ocrx_word' id='word_1_152' title='bbox 1438 3200 1654 3299; x_wconf 88' lang='lat' dir='ltr'>inpressi.·Si</span> <span class='ocrx_word' id='word_1_153' title='bbox 1669 3200 1751 3300; x_wconf 90' lang='lat' dir='ltr'>quis</span> <span class='ocrx_word' id='word_1_154' title='bbox 1765 3227 1869 3291; x_wconf 86' lang='lat' dir='ltr'>ver0,</span> 
     </span>
     <span class='ocr_line' id='line_1_19' title="bbox 476 3321 1872 3424; baseline 0 -26"><span class='ocrx_word' id='word_1_155' title='bbox 476 3344 537 3398; x_wconf 91' lang='lat' dir='ltr'>aut</span> <span class='ocrx_word' id='word_1_156' title='bbox 555 3352 621 3424; x_wconf 80' lang='lat' dir='ltr'>ego</span> <span class='ocrx_word' id='word_1_157' title='bbox 636 3342 699 3396; x_wconf 92' lang='lat' dir='ltr'>aut</span> <span class='ocrx_word' id='word_1_158' title='bbox 717 3323 862 3397; x_wconf 87' lang='lat' dir='ltr'>heredes</span> <span class='ocrx_word' id='word_1_159' title='bbox 883 3323 973 3412; x_wconf 89' lang='lat' dir='ltr'>mei,</span> <span class='ocrx_word' id='word_1_160' title='bbox 995 3348 1056 3396; x_wconf 85' lang='lat' dir='ltr'>seu</span> <span class='ocrx_word' id='word_1_161' title='bbox 1073 3321 1152 3392; x_wconf 84' lang='lat' dir='ltr'>ulla</span> <span class='ocrx_word' id='word_1_162' title='bbox 1165 3323 1328 3420; x_wconf 89' lang='lat' dir='ltr'>opposita</span> <span class='ocrx_word' id='word_1_163' title='bbox 1345 3348 1516 3423; x_wconf 82' lang='lat' dir='ltr'>persona,</span> <span class='ocrx_word' id='word_1_164' title='bbox 1536 3339 1663 3398; x_wconf 81' lang='lat' dir='ltr'>contra</span> <span class='ocrx_word' id='word_1_165' title='bbox 1685 3322 1777 3397; x_wconf 92' lang='lat' dir='ltr'>hanc</span> <span class='ocrx_word' id='word_1_166' title='bbox 1793 3351 1872 3398; x_wconf 88' lang='lat' dir='ltr'>car-</span> 
     </span>
     <span class='ocr_line' id='line_1_20' title="bbox 477 3442 1872 3545; baseline 0.001 -27"><span class='ocrx_word' id='word_1_167' title='bbox 477 3449 589 3520; x_wconf 90' lang='lat' dir='ltr'>tulam</span> <span class='ocrx_word' id='word_1_168' title='bbox 620 3449 742 3519; x_wconf 90' lang='lat' dir='ltr'>venire</span> <span class='ocrx_word' id='word_1_169' title='bbox 772 3463 833 3517; x_wconf 87' lang='lat' dir='ltr'>aut</span> <span class='ocrx_word' id='word_1_170' title='bbox 856 3471 933 3518; x_wconf 88' lang='lat' dir='ltr'>eam</span> <span class='ocrx_word' id='word_1_171' title='bbox 961 3442 1160 3542; x_wconf 80' lang='lat' dir='ltr'>infringere</span> <span class='ocrx_word' id='word_1_172' title='bbox 1187 3458 1336 3516; x_wconf 90' lang='lat' dir='ltr'>conatus</span> <span class='ocrx_word' id='word_1_173' title='bbox 1357 3444 1493 3535; x_wconf 86' lang='lat' dir='ltr'>fuerit,</span> <span class='ocrx_word' id='word_1_174' title='bbox 1522 3472 1589 3518; x_wconf 89' lang='lat' dir='ltr'>una</span> <span class='ocrx_word' id='word_1_175' title='bbox 1613 3471 1697 3517; x_wconf 88' lang='lat' dir='ltr'>cum</span> <span class='ocrx_word' id='word_1_176' title='bbox 1720 3463 1872 3545; x_wconf 79' lang='lat' dir='ltr'>cogente</span> 
     </span>
     <span class='ocr_line' id='line_1_21' title="bbox 476 3565 1867 3666; baseline 0.001 -25"><span class='ocrx_word' id='word_1_177' title='bbox 476 3569 582 3656; x_wconf 86' lang='lat' dir='ltr'>fisco,</span> <span class='ocrx_word' id='word_1_178' title='bbox 602 3571 680 3642; x_wconf 87' lang='lat' dir='ltr'>auri</span> <span class='ocrx_word' id='word_1_179' title='bbox 697 3568 831 3642; x_wconf 87' lang='lat' dir='ltr'>solidos</span> <span class='ocrx_word' id='word_1_180' title='bbox 848 3567 876 3638; x_wconf 85' lang='lat' dir='ltr'>C</span> <span class='ocrx_word' id='word_1_181' title='bbox 894 3580 1107 3665; x_wconf 88' lang='lat' dir='ltr'>componat,</span> <span class='ocrx_word' id='word_1_182' title='bbox 1128 3581 1164 3639; x_wconf 88' lang='lat' dir='ltr'>et</span> <span class='ocrx_word' id='word_1_183' title='bbox 1178 3565 1276 3666; x_wconf 88' lang='lat' dir='ltr'>quod</span> <span class='ocrx_word' id='word_1_184' title='bbox 1294 3567 1427 3665; x_wconf 89' lang='lat' dir='ltr'>repetit</span> <span class='ocrx_word' id='word_1_185' title='bbox 1444 3566 1625 3640; x_wconf 84' lang='lat' dir='ltr'>vindicare</span> <span class='ocrx_word' id='word_1_186' title='bbox 1642 3592 1720 3641; x_wconf 93' lang='lat' dir='ltr'>non</span> <span class='ocrx_word' id='word_1_187' title='bbox 1734 3567 1867 3658; x_wconf 79' lang='lat' dir='ltr'>valeat3</span> 
     </span>
     <span class='ocr_line' id='line_1_22' title="bbox 476 3689 1868 3789; baseline 0.003 -28"><span class='ocrx_word' id='word_1_188' title='bbox 476 3709 528 3764; x_wconf 91' lang='lat' dir='ltr'>set</span> <span class='ocrx_word' id='word_1_189' title='bbox 552 3718 709 3788; x_wconf 84' lang='lat' dir='ltr'>praesens</span> <span class='ocrx_word' id='word_1_190' title='bbox 736 3691 872 3763; x_wconf 86' lang='lat' dir='ltr'>cartula</span> <span class='ocrx_word' id='word_1_191' title='bbox 900 3691 1000 3763; x_wconf 89' lang='lat' dir='ltr'>omni</span> <span class='ocrx_word' id='word_1_192' title='bbox 1026 3705 1188 3789; x_wconf 87' lang='lat' dir='ltr'>tempore</span> <span class='ocrx_word' id='word_1_193' title='bbox 1211 3689 1314 3762; x_wconf 87' lang='lat' dir='ltr'>firma</span> <span class='ocrx_word' id='word_1_194' title='bbox 1341 3716 1406 3788; x_wconf 90' lang='lat' dir='ltr'>per</span> <span class='ocrx_word' id='word_1_195' title='bbox 1444 3707 1548 3764; x_wconf 88' lang='lat' dir='ltr'>aneat</span> <span class='ocrx_word' id='word_1_196' title='bbox 1573 3707 1610 3762; x_wconf 91' lang='lat' dir='ltr'>et</span> <span class='ocrx_word' id='word_1_197' title='bbox 1638 3691 1868 3780; x_wconf 82' lang='lat' dir='ltr'>inconvulsa,</span> 
     </span>
     <span class='ocr_line' id='line_1_23' title="bbox 475 3811 1872 3912; baseline 0.001 -28"><span class='ocrx_word' id='word_1_198' title='bbox 475 3814 781 3912; x_wconf 87' lang='lat' dir='ltr'>constipulatione</span> <span class='ocrx_word' id='word_1_199' title='bbox 799 3811 963 3886; x_wconf 86' lang='lat' dir='ltr'>subnixa.</span> <span class='ocrx_word' id='word_1_200' title='bbox 985 3814 1023 3885; x_wconf 91' lang='lat' dir='ltr'>S.</span> <span class='ocrx_word' id='word_1_201' title='bbox 1040 3814 1162 3886; x_wconf 86' lang='lat' dir='ltr'>Ervei.</span> <span class='ocrx_word' id='word_1_202' title='bbox 1182 3814 1220 3884; x_wconf 90' lang='lat' dir='ltr'>S.</span> <span class='ocrx_word' id='word_1_203' title='bbox 1236 3812 1416 3887; x_wconf 87' lang='lat' dir='ltr'>Bernaldi.</span> <span class='ocrx_word' id='word_1_204' title='bbox 1464 3812 1641 3887; x_wconf 88' lang='lat' dir='ltr'>.Huberti</span> <span class='ocrx_word' id='word_1_205' title='bbox 1652 3867 1664 3900; x_wconf 97' lang='lat'>,</span> <span class='ocrx_word' id='word_1_206' title='bbox 1685 3812 1749 3886; x_wconf 90' lang='lat' dir='ltr'>filii</span> <span class='ocrx_word' id='word_1_207' title='bbox 1768 3813 1872 3912; x_wconf 76' lang='lat' dir='ltr'>Mag-</span> 
     </span>
     <span class='ocr_line' id='line_1_24' title="bbox 476 3933 1868 4035; baseline 0.001 -29"><span class='ocrx_word' id='word_1_208' title='bbox 476 3935 595 4008; x_wconf 91' lang='lat' dir='ltr'>nonis.</span> <span class='ocrx_word' id='word_1_209' title='bbox 615 3936 652 4007; x_wconf 91' lang='lat' dir='ltr'>S.</span> <span class='ocrx_word' id='word_1_210' title='bbox 665 3933 868 4008; x_wconf 88' lang='lat' dir='ltr'>Huncberti</span> <span class='ocrx_word' id='word_1_211' title='bbox 882 3935 1093 4022; x_wconf 87' lang='lat' dir='ltr'>Firmitatis.</span> <span class='ocrx_word' id='word_1_212' title='bbox 1114 3935 1151 4007; x_wconf 90' lang='lat' dir='ltr'>S.</span> <span class='ocrx_word' id='word_1_213' title='bbox 1168 3934 1321 4024; x_wconf 86' lang='lat' dir='ltr'>Ernulfi,</span> <span class='ocrx_word' id='word_1_214' title='bbox 1339 3935 1404 4008; x_wconf 86' lang='lat' dir='ltr'>filii</span> <span class='ocrx_word' id='word_1_215' title='bbox 1419 3935 1586 4035; x_wconf 78' lang='lat' dir='ltr'>Ansgoti.</span> <span class='ocrx_word' id='word_1_216' title='bbox 1605 3937 1642 4007; x_wconf 92' lang='lat' dir='ltr'>S.</span> <span class='ocrx_word' id='word_1_217' title='bbox 1655 3933 1868 4035; x_wconf 81' lang='lat' dir='ltr'>ingelbaldi.</span> 
     </span>
     <span class='ocr_line' id='line_1_25' title="bbox 476 4055 1496 4140; baseline -0.001 -14"><span class='ocrx_word' id='word_1_218' title='bbox 476 4057 512 4128; x_wconf 89' lang='lat' dir='ltr'>S.</span> <span class='ocrx_word' id='word_1_219' title='bbox 533 4058 730 4129; x_wconf 86' lang='lat' dir='ltr'>Laurentii.</span> <span class='ocrx_word' id='word_1_220' title='bbox 752 4058 790 4138; x_wconf 88' lang='lat' dir='ltr'>S.</span> <span class='ocrx_word' id='word_1_221' title='bbox 810 4056 974 4127; x_wconf 89' lang='lat' dir='ltr'>Martini.</span> <span class='ocrx_word' id='word_1_222' title='bbox 994 4056 1031 4126; x_wconf 93' lang='lat' dir='ltr'>S.</span> <span class='ocrx_word' id='word_1_223' title='bbox 1053 4055 1231 4140; x_wconf 83' lang='lat' dir='ltr'>Rainaldi.</span> <span class='ocrx_word' id='word_1_224' title='bbox 1251 4059 1289 4129; x_wconf 93' lang='lat' dir='ltr'>S.</span> <span class='ocrx_word' id='word_1_225' title='bbox 1308 4056 1460 4131; x_wconf 85' lang='lat' dir='ltr'>Giraldi.</span> <span class='ocrx_word' id='word_1_226' title='bbox 1478 4086 1496 4125; x_wconf 84' lang='lat' dir='ltr'>n</span> 
     </span>
    </p>
   </div>
   <div class='ocr_carea' id='block_1_6' title="bbox 887 4311 1458 4403">
    <p class='ocr_par' dir='ltr' id='par_1_7' title="bbox 887 4311 1458 4403">
     <span class='ocr_line' id='line_1_26' title="bbox 887 4311 1458 4403; baseline 0 0"><span class='ocrx_word' id='word_1_227' title='bbox 887 4311 1258 4403; x_wconf 78' lang='lat' dir='ltr'><strong>CAPITULUM</strong></span> <span class='ocrx_word' id='word_1_228' title='bbox 1297 4314 1458 4403; x_wconf 87' lang='lat' dir='ltr'><strong>XXII.</strong></span> 
     </span>
    </p>
   </div>
   <div class='ocr_carea' id='block_1_7' title="bbox 987 4564 1359 4646">
    <p class='ocr_par' dir='ltr' id='par_1_8' title="bbox 987 4564 1359 4646">
     <span class='ocr_line' id='line_1_27' title="bbox 987 4564 1359 4646; baseline 0 -22"><span class='ocrx_word' id='word_1_229' title='bbox 987 4567 1031 4626; x_wconf 89' lang='lat' dir='ltr'>De</span> <span class='ocrx_word' id='word_1_230' title='bbox 1045 4579 1121 4627; x_wconf 83' lang='lat' dir='ltr'>terra</span> <span class='ocrx_word' id='word_1_231' title='bbox 1136 4564 1244 4646; x_wconf 72' lang='lat' dir='ltr'>Brogitj</span> <span class='ocrx_word' id='word_1_232' title='bbox 1259 4567 1359 4626; x_wconf 78' lang='lat' dir='ltr'>amari.</span> 
     </span>
    </p>
   </div>
   <div class='ocr_carea' id='block_1_8' title="bbox 274 4789 1872 5014">
    <p class='ocr_par' dir='ltr' id='par_1_9' title="bbox 274 4789 1872 5014">
     <span class='ocr_line' id='line_1_28' title="bbox 274 4789 1870 4892; baseline 0.001 -28"><span class='ocrx_word' id='word_1_233' title='bbox 274 4835 335 4879; x_wconf 57' lang='lat' dir='ltr'>Am,</span> <span class='ocrx_word' id='word_1_234' title='bbox 347 4849 367 4880; x_wconf 55' lang='lat'>,‚</span> <span class='ocrx_word' id='word_1_235' title='bbox 380 4835 448 4882; x_wconf 61' lang='lat'><strong>1030,</strong></span> <span class='ocrx_word' id='word_1_236' title='bbox 525 4826 542 4862; x_wconf 91' lang='lat'>«</span> <span class='ocrx_word' id='word_1_237' title='bbox 558 4796 597 4866; x_wconf 91' lang='lat' dir='ltr'>ln</span> <span class='ocrx_word' id='word_1_238' title='bbox 627 4794 777 4866; x_wconf 88' lang='lat' dir='ltr'>nomine</span> <span class='ocrx_word' id='word_1_239' title='bbox 801 4789 916 4862; x_wconf 91' lang='lat' dir='ltr'>Patris</span> <span class='ocrx_word' id='word_1_240' title='bbox 949 4807 986 4863; x_wconf 88' lang='lat' dir='ltr'>et</span> <span class='ocrx_word' id='word_1_241' title='bbox 1011 4792 1094 4864; x_wconf 87' lang='lat' dir='ltr'>Filii</span> <span class='ocrx_word' id='word_1_242' title='bbox 1125 4808 1161 4864; x_wconf 93' lang='lat' dir='ltr'>et</span> <span class='ocrx_word' id='word_1_243' title='bbox 1187 4792 1344 4892; x_wconf 76' lang='lat' dir='ltr'>Spiritus</span> <span class='ocrx_word' id='word_1_244' title='bbox 1369 4793 1505 4866; x_wconf 89' lang='lat' dir='ltr'>Sancti.</span> <span class='ocrx_word' id='word_1_245' title='bbox 1536 4793 1615 4892; x_wconf 79' lang='lat' dir='ltr'>Ego</span> <span class='ocrx_word' id='word_1_246' title='bbox 1642 4791 1870 4891; x_wconf 80' lang='lat' dir='ltr'>Radbertus,</span> 
     </span>
     <span class='ocr_line' id='line_1_29' title="bbox 475 4912 1872 5014; baseline 0.002 -28"><span class='ocrx_word' id='word_1_247' title='bbox 475 4913 658 4986; x_wconf 86' lang='lat' dir='ltr'>Guillelmi</span> <span class='ocrx_word' id='word_1_248' title='bbox 678 4912 793 4999; x_wconf 88' lang='lat' dir='ltr'>filius,</span> <span class='ocrx_word' id='word_1_249' title='bbox 817 4926 853 4983; x_wconf 91' lang='lat' dir='ltr'>et</span> <span class='ocrx_word' id='word_1_250' title='bbox 874 4936 951 4984; x_wconf 88' lang='lat' dir='ltr'>mea</span> <span class='ocrx_word' id='word_1_251' title='bbox 980 4938 1095 5003; x_wconf 86' lang='lat' dir='ltr'>uxor,</span> <span class='ocrx_word' id='word_1_252' title='bbox 1123 4916 1273 4989; x_wconf 88' lang='lat' dir='ltr'>nomine</span> <span class='ocrx_word' id='word_1_253' title='bbox 1297 4913 1464 5010; x_wconf 65' lang='lat' dir='ltr'>edetis-a,</span> <span class='ocrx_word' id='word_1_254' title='bbox 1483 4914 1684 5014; x_wconf 64' lang='lat' dir='ltr'>cognitum</span> <span class='ocrx_word' id='word_1_255' title='bbox 1704 4914 1872 4989; x_wconf 82' lang='lat' dir='ltr'>volumus</span> 
     </span>
    </p>
   </div>
   <div class='ocr_carea' id='block_1_9' title="bbox 0 0 2236 6116">
    <p class='ocr_par' dir='ltr' id='par_1_10' title="bbox 0 0 2236 6116">
     <span class='ocr_line' id='line_1_30' title="bbox 0 0 2236 6116; baseline 0 0"><span class='ocrx_word' id='word_1_256' title='bbox 0 0 2236 6116; x_wconf 95' lang='lat' dir='ltr'> </span> 
     </span>
    </p>
   </div>
  </div>
 </body>
</html>
