4426 6120
596 704 600 713 ⁴
659 758 696 828 s.
720 758 862 830 rursu
888 752 1224 828 cannorsusls.
1588 754 1635 825 m

248 899 286 972 S.
303 899 474 975 Solionis.
494 901 531 975 S.
550 902 757 1003 Rorigonis.
775 904 813 976 S.
830 901 993 978 Gerardi.
1014 902 1051 973 S.
1068 898 1237 972 Rainerii.
1258 898 1297 973 S.
1312 899 1474 999 Rogerii.
1490 899 1527 972 S.
1544 899 1637 971 Gui-

249 1020 366 1097 donis.
386 1025 423 1096 S.
440 1025 617 1101 Bcrionis.
636 1027 674 1099 S.
690 1026 905 1099 Germundi.
922 1055 941 1094 a

297 1145 433 1219 Census
458 1149 523 1221 iste
546 1149 738 1248 inscriptus
763 1162 904 1223 constat
928 1173 1001 1220 esse
1025 1170 1234 1231 concessus,
1254 1144 1338 1245 quia
1359 1143 1469 1219 modo
1489 1144 1640 1217 minime

249 1265 488 1371 daturusque
503 1298 521 1343 a
538 1297 723 1372 quoquam
740 1271 953 1372 requiritur.

699 1552 1052 1643 CAPITULUM
1086 1554 1188 1641 Vll.

251 1800 295 1861 De
309 1799 406 1861 Jcrani
421 1801 530 1860 Villarc
545 1823 597 1882 per
612 1802 771 1882 precariam
790 1802 857 1861 dato
873 1800 1014 1865 Gradullo
1033 1803 1133 1876 militi,
1150 1801 1229 1862 etde
1249 1804 1387 1864 Palisiaco
1402 1808 1432 1863 in
1447 1826 1642 1885 reconpensa-

811 1910 890 1967 tione
904 1907 941 1967 sb
954 1929 989 1967 eo
1003 1908 1079 1968 dato.

303 2164 322 2204 ιι
336 2136 378 2207 ln
395 2136 546 2210 nomine
560 2148 692 2207 sanctae
710 2149 745 2208 ct
765 2133 959 2207 individuae
981 2136 1191 2224 Trinitatis,
1216 2137 1329 2209 Patris
1352 2137 1537 2225 videlicet,
1558 2138 1638 2210 Filii
1668 2168 1725 2210 ns
1738 2181 1758 2210 a.
1772 2161 1844 2210 coes.

250 2274 288 2331 et
301 2258 457 2357 Spiritus
471 2259 605 2331 Sancti.
622 2257 833 2347 Fulbertus,
854 2261 967 2358 gratia
983 2260 1047 2331 Dei
1056 2313 1066 2346 ,
1087 2261 1367 2333 Carnotensium
1381 2262 1588 2359 episcopus,
1604 2279 1640 2333 et

251 2378 361 2452 abbas
378 2382 499 2454 Sancti
521 2382 618 2454 Petri
641 2382 850 2452 monasterii
873 2381 1129 2481 lllagenardus,
1156 2399 1192 2453 ct
1214 2385 1448 2482 congregatio
1469 2383 1637 2454 fratrum.

252 2501 391 2576 Notum
405 2504 657 2577 essevolumus
672 2518 805 2576 sanclae
820 2505 883 2576 Dei
897 2503 1055 2576 ecclesiae
1069 2502 1235 2578 fidelibus
1251 2505 1439 2591 universis,
1455 2506 1642 2603 praeseuti-

251 2624 320 2697 bus
340 2641 447 2726 atque
470 2625 624 2712 futuris,
649 2625 805 2725 qualiter
828 2641 911 2696 ante
936 2641 1096 2698 nostram
1118 2627 1347 2724 praesentiam
1371 2627 1517 2698 veniens
1540 2626 1642 2698 miles

252 2745 418 2849 quidam,
441 2749 590 2822 nomine
616 2746 834 2834 Gradulqu,
856 2747 1043 2819 humiliter
1059 2748 1227 2846 expetiit,
1249 2764 1289 2818 ut
1310 2744 1353 2819 de
1373 2746 1527 2847 quadam
1550 2763 1643 2820 terra

253 2871 369 2943 nostri
389 2869 552 2968 praedicti
574 2870 781 2942 monasterii
799 2869 997 2969 precariam
1012 2867 1080 2940 sibi
1098 2867 1316 2956 faceremus,
1336 2869 1482 2967 etipse,
1503 2896 1572 2968 pro
1591 2895 1646 2940 rc-

253 2993 555 3092 conpensatione,
584 2992 765 3091 quendam
789 2991 935 3064 alodum
954 3017 1060 3062 suum
1083 2989 1263 3089 delegaret
1286 2992 1420 3066 uostris
1442 2989 1566 3063 usibus
1574 3020 1584 3078 ;
1606 3018 1643 3061 ea

252 3112 419 3185 videlicet
432 3113 586 3200 ratione,
603 3128 661 3200 ut,
677 3111 838 3211 quandiu
850 3114 1014 3185 viverent
1027 3113 1100 3210 ipse
1117 3128 1154 3185 et
1167 3138 1259 3186 uror
1275 3117 1370 3210 ejus,
1388 3113 1538 3185 nominc
1550 3112 1643 3197 Ode,

252 3237 293 3307 in
307 3239 409 3333 cujus
420 3232 506 3309 dote
519 3252 572 3308 est
587 3234 782 3334 praedictus
794 3232 934 3319 alodus,
954 3250 1152 3334 utrumque
1168 3248 1332 3307 tenerent
1341 3262 1351 3319 3
1367 3249 1450 3332 post
1465 3232 1647 3306 decessum

253 3382 341 3431 vero
353 3382 500 3444 eorum,
516 3373 712 3456 utrumque
723 3354 899 3429 fratribus
913 3373 1129 3429 remaneret.
1146 3357 1256 3453 Cujus
1271 3354 1512 3454 petitionibus
1527 3354 1647 3426 liben-

254 3496 310 3554 ter
338 3479 602 3578 adquievimus,
628 3505 695 3576 per
718 3503 900 3550 assensum
922 3477 1061 3551 Odonis
1087 3477 1251 3564 comitis,
1282 3476 1321 3570 in
1345 3479 1446 3574 cujus
1471 3477 1646 3549 comitatu

254 3618 340 3675 sunt
352 3619 518 3702 utreeque
532 3603 636 3673 terrae
649 3597 693 3673 de
707 3599 840 3699 quibus
855 3614 909 3672 est
921 3625 1055 3673 sermo.
1072 3600 1202 3675 Nostra
1217 3597 1393 3699 siquidem
1410 3614 1520 3686 terra,
1539 3624 1645 3699 quam

252 3750 320 3824 per
336 3724 533 3823 precariam
548 3723 665 3822 poscit
685 3720 835 3811 lubere,
861 3723 899 3794 in
915 3722 1127 3796 Carnotensi
1145 3722 1319 3795 comitatu
1336 3721 1451 3819 posita
1461 3774 1472 3808 ,
1497 3733 1648 3793 vocatur

253 3844 388 3920 Gcmni
402 3844 550 3933 Villarc3
567 3860 605 3918 et
616 3844 678 3917 ille
689 3842 816 3919 alodus
828 3870 940 3946 quem
950 3858 1203 3945 reconpensat,
1221 3846 1260 3916 in
1273 3844 1517 3918 Dromsensu¹
1533 3844 1650 3919 comi-

255 3960 353 4056 tatu,
370 3992 479 4066 super
494 3966 631 4040 ilumen
642 3966 769 4055 Blesis‚
781 3968 934 4065 positus,
949 3968 1163 4041 nominatur
1174 3966 1377 4039 Palisiacus.
1393 3966 1562 4039 Nostram
1581 3966 1650 4037 ita·
1686 4000 1690 4007 ·

253 4114 327 4190 quc
352 4104 487 4161 terram
509 4088 630 4162 lemni
654 4087 808 4176 Villarc,
826 4114 872 4162 eo
893 4104 1022 4163 tenore
1041 4086 1218 4164 Gradulio
1238 4114 1345 4186 supra
1368 4087 1559 4161 nominato
1583 4112 1649 4186 per

255 4211 453 4311 precariam
469 4208 714 4299 concedimus,
731 4227 786 4297 ut,
801 4210 962 4311 quandiu
975 4213 1049 4311 ipse
1061 4211 1236 4283 advixerit
1249 4224 1286 4282 et
1296 4208 1469 4309 praedicta
1485 4211 1561 4307 ejus
1574 4207 1649 4282 Oda

255 4358 363 4422 uxor,
384 4348 583 4433 utrumque
605 4348 771 4422 teneant3
790 4349 870 4433 post
893 4333 1077 4413 decessum
1098 4359 1186 4406 vero
1207 4358 1353 4421 eorum,
1371 4346 1409 4404 et
1427 4352 1521 4405 terra
1540 4358 1650 4432 quam

255 4455 396 4544 damus,
411 4470 448 4529 et
459 4453 584 4528 alodus
592 4457 670 4555 jam
684 4457 909 4543 nominatus,
926 4458 1050 4557 quieta
1068 4472 1102 4531 et
1116 4455 1226 4530 solida
1240 4454 1285 4528 ad
1299 4480 1384 4528 usus
1400 4454 1556 4528 fratrum
1570 4480 1649 4554 per-

256 4577 417 4653 veniunt.
446 4577 586 4650 Placuit
610 4577 743 4651 iterum
768 4592 813 4650 ut
836 4576 915 4651 lroec
942 4595 1066 4654 nostra
1092 4578 1288 4653 conventio
1312 4578 1350 4650 in
1377 4574 1517 4651 duabus
1543 4576 1650 4649 cartis

257 4696 491 4789 scriberetur,
504 4724 662 4801 qturum
674 4724 785 4773 unam
796 4697 994 4801 pradictus
1003 4702 1107 4775 miles
1120 4699 1287 4791 liaberet,
1300 4700 1413 4775 alters
1423 4724 1510 4775 vcro
1521 4697 1650 4775 nobis-

307 4952 313 4979 '
331 4944 391 5005 Sic.
408 4943 432 5004 B
445 4967 454 5003 a
469 4944 634 5005 Domini.
