4462 6120
735 742 773 815 S.
795 741 937 815 PETRI
963 737 1300 812 CARNOTENSIS.
1675 739 1717 810 1³

324 888 390 963 sibi
409 889 624 991 subreptum
642 890 867 990 deplorabat.
886 892 927 961 ln
948 904 1045 960 tanta
1070 889 1190 987 itaque
1217 884 1412 986 cupiditate
1434 886 1586 974 exarsit,
1606 885 1654 959 'ut
1675 887 1720 960 de

325 1036 375 1083 xu
400 1012 592 1111 prebendis
611 1039 699 1114 quas
719 1012 831 1085 frater
848 1014 922 1110 ejus
933 1064 943 1098 ,
967 1026 1008 1081 ut
1023 1008 1284 1108 praemisimus,
1306 1007 1471 1097 dederat,
1490 1008 1721 1085 medietatem

324 1133 574 1234 extorquendo
594 1133 781 1232 subripere
807 1159 884 1207 non
908 1133 1064 1204 timeret.
1088 1131 1197 1228 Cujus
1223 1131 1397 1230 sacrilegii
1420 1131 1604 1205 tramitem
1623 1159 1722 1209 non-

324 1256 414 1327 nulli
445 1256 714 1330 succedentium
751 1258 1005 1356 episcoporum
1042 1270 1251 1352 sequentes,
1284 1254 1431 1354 propria
1464 1255 1720 1356 profligantes,

324 1379 437 1451 aliena
463 1379 665 1478 cupientes,
691 1377 952 1452 occasiunculis
982 1374 1180 1448 monachos
1209 1376 1461 1466 sollicitantes,
1484 1380 1724 1454 immissiones

325 1528 365 1573 ac
387 1500 489 1574 dolos
512 1501 786 1600 pretendentes,
806 1527 894 1573 ausu
914 1499 1086 1598 sacrilego
1110 1497 1252 1571 auferre
1272 1497 1532 1572 dubitaverunt
1549 1500 1720 1590 minime3

325 1623 488 1723 plisima¹
512 1651 594 1725 quae
614 1623 775 1698 fidelium
796 1623 941 1696 dederat
958 1619 1121 1720 largiflua
1143 1621 1290 1714 caritas,
1311 1639 1347 1694 et
1368 1648 1452 1694 cum
1472 1622 1635 1721 ipsorum
1651 1649 1724 1697 esse

325 1745 499 1820 deberent
532 1747 755 1836 defensores,
787 1747 919 1820 mentis
956 1745 1103 1817 cecitate
1128 1745 1311 1846 correpti,
1340 1744 1425 1817 facti
1454 1763 1540 1818 sunt
1574 1746 1722 1820 tiramni

326 1885 432 1969 atque
453 1869 679 1971 expilatores.

376 2141 443 2213 xl.
457 2143 511 2213 Ex
525 2141 660 2244 quibus
674 2143 711 2214 in
727 2141 796 2218 boc
809 2142 986 2242 opusculo
1001 2143 1131 2216 litteris
1144 2156 1319 2215 annotare
1332 2143 1453 2214 curavi
1468 2173 1476 2214 ε
1494 2140 1723 2217 Rodbertum

328 2263 579 2336 Turonensem
597 2266 680 2365 qui,
705 2263 753 2338 ob
776 2264 956 2365 quendam
981 2265 1127 2364 Major-is
1150 2265 1361 2339 Monasterii
1388 2264 1631 2355 monachum,
1657 2265 1726 2338 Be-

327 2388 483 2484 rengarii
502 2404 634 2459 sectam
658 2403 892 2489 sequentem,
911 2406 953 2459 ut
977 2415 994 2459 a
1014 2389 1109 2462 reris
1134 2387 1351 2462 relatoribus
1368 2386 1588 2478 audivimus,
1616 2413 1727 2490 quem

329 2509 365 2579 in
378 2507 531 2581 abbatiae
548 2528 718 2610 suggestu
732 2508 931 2585 obtrudere
948 2537 1025 2585 non
1043 2511 1174 2600 valuit,
1191 2510 1298 2586 nobis
1312 2511 1466 2612 agriter²
1481 2509 1726 2585 renitentibus

327 2617 367 2702 ae
390 2633 469 2703 viva
494 2659 581 2706 voce
601 2632 869 2723 refutantibus,
895 2634 1148 2733 apostolorum
1171 2651 1440 2706 sacrosanctum
1458 2634 1582 2723 altare,
1600 2651 1728 2708 contra

327 2753 443 2853 legem
460 2758 690 2844 canonicam,
711 2754 953 2830 celebratione
976 2757 1127 2829 misterii
1150 2758 1315 2856 corporis
1332 2773 1369 2829 et
1386 2757 1571 2857 sanguinis
1592 2755 1727 2829 Christi

328 2881 446 2955 tribus
461 2882 643 2955 mensibus
657 2901 693 2956 et
706 2911 748 2958 eo
762 2883 915 2983 amplius
929 2909 1049 2956 carere
1064 2882 1150 2955 fecit
1158 2912 1168 2970 ;
1183 2880 1381 2956 monachos
1393 2908 1540 2982 quoque
1552 2879 1728 2953 auxilium

329 3003 393 3076 Dei
408 3022 444 3076 et
458 3008 584 3077 matris
602 3009 677 3103 ejus
692 3023 883 3080 exorantes
899 3006 1008 3104 longe
1021 3006 1099 3078 fieri
1114 3003 1160 3076 ab
1175 3032 1238 3092 eo,
1254 3007 1438 3077 minarum
1460 3004 1599 3103 spirans
1612 3003 1730 3104 palam

329 3125 501 3198 omnibus
526 3128 717 3228 prophano
738 3156 802 3203 ore
821 3144 1061 3216 contestatus,
1083 3126 1355 3203 contradicente
1374 3126 1542 3200 aecclesiae
1556 3128 1729 3201 Romanae

329 3247 468 3348 legato,
484 3252 692 3352 pariterque
704 3250 871 3323 divinum
884 3250 1042 3324 officium
1055 3251 1105 3322 eis
1124 3247 1312 3336 interdixit
1326 3275 1366 3319 ac
1380 3247 1526 3348 publice
1539 3249 1577 3320 in
1591 3248 1729 3347 princi-

329 3372 398 3470 pali
419 3372 577 3445 aecclesia
594 3376 910 3449 excommunicare
932 3399 1037 3446 ausus
1056 3371 1141 3444 suit.
1164 3369 1301 3444 Deinde
1321 3372 1567 3444 Braimensem
1587 3367 1730 3443 abatem

330 3493 536 3582 Arraldum,
552 3497 610 3568 cui
628 3512 726 3570 tanta
740 3496 911 3572 dolositas
928 3499 1058 3584 inerat,
1079 3511 1140 3583 ut,
1162 3496 1231 3566 uisi
1254 3519 1332 3566 eam
1345 3493 1445 3592 lepos
1459 3493 1636 3567 sermonis
1656 3494 1730 3590 ejus

330 3615 580 3709 obumbraret,
592 3646 668 3694 non
684 3622 767 3718 ipsae
781 3619 982 3692 dolositatis
996 3618 1161 3690 habitum
1176 3615 1360 3690 videretur
1375 3614 1524 3705 habere,
1542 3631 1596 3689 set
1608 3613 1732 3689 eadem

330 3736 500 3812 dolositas
525 3767 597 3814 esse
622 3755 827 3839 putaretur.
854 3742 1017 3813 Tantum
1042 3741 1177 3839 quippe
1205 3740 1243 3811 in
1269 3764 1313 3812 co
1338 3738 1472 3828 valuit,
1498 3754 1539 3811 ut
1561 3739 1729 3812 aurasiae³

331 3863 496 3951 cecitate,
519 3859 705 3937 bonorum
724 3865 832 3937 etiam
849 3864 975 3938 oculos
1002 3862 1163 3935 veritatis
1183 3862 1331 3964 lumine
1361 3887 1527 3936 sermone
1555 3861 1730 3962 sacrilego

331 3985 501 4058 citissime
521 4012 641 4058 carere
658 3985 804 4061 faceret.
829 3986 933 4059 Unde
953 4001 1091 4073 crocot,
1116 3984 1202 4059 illol
1227 4001 1389 4086 tempore
1396 4041 1407 4074 ,
1431 4003 1469 4059 et
1488 3982 1590 4060 abate
1607 3985 1732 4061 locum

331 4107 488 4204 privavit
511 4125 548 4180 et
577 4107 754 4180 obtimam
777 4126 917 4208 partem
949 4105 1215 4182 monachorum
1245 4107 1385 4206 expulit
1409 4123 1517 4209 atque
1546 4107 1732 4210 quondam

294 4304 313 4313 ⁴,
332 4229 552 4301 monachum
567 4227 708 4302 abatem
727 4256 770 4304 ex
789 4232 975 4332 inproviso
984 4229 1072 4303 l'ecit
1084 4246 1121 4303 et
1136 4247 1265 4332 quater
1279 4255 1330 4303 xx
1347 4230 1458 4303 libras
1471 4228 1538 4304 sibi
1556 4229 1729 4321 abstulit3

333 4377 372 4422 ac
398 4352 466 4423 nisi
495 4354 568 4426 cito
597 4351 757 4426 inaudita
782 4355 911 4429 mortis
936 4353 1104 4427 atrocitas
1125 4353 1226 4425 malis
1250 4353 1322 4425 suis
1349 4354 1577 4454 imposuisset
1600 4353 1731 4446 finem,

377 4654 386 4678 ¹
410 4646 494 4705 Hanc
529 4666 628 4704 vocem
653 4645 784 4727 plurima
813 4646 1018 4724 interpretatur
1096 4640 1165 4703 ³D.
1185 4642 1285 4724 Muley
1306 4640 1461 4724 legendum
1485 4653 1566 4721 putat
1588 4645 1734 4715 curante,

334 4739 369 4797 D.
388 4737 499 4820 Muley.
1052 4762 1139 4824 quam
1155 4762 1254 4800 vocem
1267 4742 1471 4821 interpretatur
1485 4739 1677 4800 adulationis.

377 4847 387 4872 ²
410 4835 477 4919 Leg.
494 4840 605 4898 acriter.
1094 4840 1106 4887 ⁴
1129 4838 1200 4899 cod.
1216 4840 1359 4899 crocotillo
1375 4840 1450 4918 [sic].
