4462 6120
463 759 532 829 118
982 754 1333 831 MONASTERlUM

461 906 689 1004 chlepiseopo
703 906 960 990 Turonorum
979 902 1144 976 videlicet
1158 929 1201 976 eo
1217 920 1344 978 tenore
1357 929 1446 1005 quo,
1462 918 1545 1003 post
1558 905 1697 977 exitum
1709 929 1852 992 meum,

461 1029 610 1128 sepeliar
642 1028 680 1099 in
712 1026 909 1098 claustrum
940 1026 1225 1112 monachorum,
1258 1043 1301 1098 ut
1324 1052 1464 1126 semper
1493 1042 1718 1099 transeuntes
1746 1051 1855 1124 super

462 1178 582 1224 meum
605 1148 786 1223 tumulum
812 1165 921 1224 orent
944 1175 1012 1246 pro
1039 1175 1097 1220 me
1115 1150 1265 1248 jugiter.
1292 1151 1370 1222 Hoc
1391 1148 1564 1221 viderunt
1585 1166 1623 1222 et
1645 1165 1854 1221 annuerunt

460 1271 752 1345 Castridunenses
782 1297 969 1370 proceres,
995 1271 1057 1370 qni
1086 1288 1173 1342 sunt
1199 1273 1323 1370 scripti
1353 1270 1490 1344 subter.
1523 1273 1560 1344 Si
1587 1273 1669 1372 quis
1699 1296 1785 1344 vero
1811 1298 1855 1345 ex

461 1396 633 1495 progenie
649 1420 727 1467 mea
748 1410 809 1465 aut
829 1393 917 1464 alius
938 1394 1093 1478 invasor,
1117 1394 1271 1464 stimulis
1295 1394 1351 1466 vel
1375 1395 1512 1494 sagittis
1528 1394 1760 1494 exsagittatus
1776 1392 1856 1466 dia·

461 1516 601 1606 bolicis,
618 1518 693 1589 vim
704 1516 832 1588 lecerit
845 1512 1043 1599 monachis,
1061 1530 1097 1585 et
1110 1514 1355 1602 elemosinam,
1370 1541 1478 1615 (pram
1491 1516 1624 1590 Sancto
1637 1517 1746 1588 Petro
1758 1513 1853 1603 dedi,

459 1663 691 1741 quocumque
725 1636 836 1710 modo
870 1634 1083 1722 abstulerit,
1119 1634 1377 1734 dampnatione
1409 1636 1621 1737 dampnatus
1653 1651 1852 1737 perpetua,

462 1780 584 1861 pereat
614 1788 697 1833 cum
719 1759 860 1832 Datlnn
886 1776 924 1832 et
951 1757 1093 1831 Abiron
1121 1775 1158 1831 et
1181 1759 1285 1832 Anna
1317 1776 1354 1832 et
1380 1759 1537 1859 Caipba3
1569 1762 1855 1860 auctoritateque

462 1885 526 1957 filii
554 1884 625 1956 mei
649 1882 912 1980 archipraesulis
944 1882 1108 1979 llugonis
1141 1879 1459 1955 anathematizatus
1493 1899 1713 1982 permaneat.
1747 1882 1855 1982 Ilugo

460 2003 706 2104 archipraesul.
720 2001 915 2091 Gauslridi,
928 2003 1072 2100 nepotis
1081 2004 1169 2100 ejus.
1186 2001 1353 2075 Huberti.
1370 2002 1591 2093 Godescalei,
1605 2004 1668 2077 lilii
1680 2007 1767 2103 ejus.
1779 2003 1857 2074 llu-

461 2127 571 2216 berti,
587 2127 793 2199 thesaurarii
808 2125 1120 2198 Cinomannensis.
1138 2123 1294 2214 tedulfi,
1312 2126 1398 2226 legis
1406 2125 1518 2200 docti.
1535 2124 1708 2199 Fulcaldi.
1724 2123 1857 2200 Gatbo·

463 2252 530 2324 nis.
555 2249 691 2324 Odonis
713 2249 888 2321 Brunelli.
914 2245 1069 2320 Huberti
1088 2248 1265 2322 Brunelli.
1286 2249 1478 2349 Helgaudi,
1498 2250 1561 2323 lilii
1582 2248 1852 2347 archiepiscopi.

462 2370 635 2472 Helgaudi
654 2370 771 2472 Nigri.
793 2368 968 2441 Gradulfi.
987 2369 1137 2441 Firmati
1160 2371 1340 2444 canonici.
1361 2368 1554 2444 Frederici.
1576 2371 1740 2470 Hugonis
1759 2370 1857 2440 vica-

461 2497 521 2568 rii.
550 2493 721 2568 Bernardi
748 2492 792 2567 de
820 2493 942 2565 Buslo.
970 2492 1186 2590 Junanigui,
1205 2495 1307 2591 jussu
1330 2491 1609 2593 archiepiscopi,
1635 2492 1696 2565 has
1719 2493 1857 2564 litteras

462 2617 561 2692 fecit.
586 2650 603 2686 n

920 2729 1269 2817 CAPITULUM
1302 2731 1402 2818 Vll.

873 2930 916 2988 De
931 2928 1086 2988 exclusatio
1103 2928 1333 2988 molendinorum
1350 2930 1444 2987 Ancti.

517 3130 590 3200 «ln
607 3128 756 3201 nomine
771 3141 902 3197 sanctae
918 3141 954 3196 et
973 3122 1168 3197 individuae
1181 3123 1392 3209 Trinitatis,
1411 3121 1522 3193 Patris
1538 3118 1706 3194 videlicet
1723 3136 1758 3192 et
1775 3119 1856 3191 Filii

466 3252 669 3351 etSpiritus
683 3249 819 3321 Sancti.
836 3248 916 3346 Ego
933 3246 1035 3318 miles
1048 3246 1155 3334 Urso,
1174 3243 1268 3316 lilius
1281 3241 1480 3315 Germundi
1495 3240 1539 3315 de
1551 3240 1705 3330 Aisiaco,
1726 3257 1857 3315 notum

464 3402 536 3450 esse
552 3375 719 3449 volumus
734 3369 906 3443 omnibus
921 3368 1124 3441 christianis
1137 3365 1377 3467 praesentibus
1389 3381 1496 3465 atque
1511 3363 1645 3436 futuris
1654 3417 1664 3453 ,
1684 3365 1767 3463 quia
1782 3388 1856 3436 me·

464 3498 634 3574 dietatem
642 3490 1321 3568 deexclusatiomolendinorumSancti
1333 3489 1429 3561 Petri
1439 3484 1854 3573 Carnotensiscoeuobii‚

463 3623 629 3721 quisunt
652 3617 696 3690 ad
717 3617 897 3704 biretum,
919 3641 1029 3715 quam
1050 3640 1149 3686 meus
1167 3640 1253 3684 avus
1271 3610 1416 3684 dederat
1440 3610 1573 3683 Sancto
1595 3610 1704 3682 Petro
1728 3626 1764 3684 et
1786 3608 1856 3680 mei

464 3762 703 3817 antecessores
721 3739 1055 3824 auctorizaverunt,
1076 3752 1112 3808 et
1129 3762 1196 3834 ego
1213 3761 1279 3835 per
1296 3734 1432 3805 malum
1450 3731 1643 3806 consilinm
1664 3731 1857 3833 calumnia-

462 3865 542 3954 bar,
562 3864 607 3937 ab
626 3863 692 3936 hac
707 3863 778 3949 die,
796 3861 929 3933 Sancto
947 3859 1056 3932 Petro
1071 3858 1229 3959 quietam
1248 3856 1414 3944 dimitto,
1434 3869 1530 3926 utet
1548 3879 1616 3955 ego
1635 3869 1774 3952 partem
1794 3849 1858 3923 ha-

462 3986 568 4061 beam
582 3987 619 4058 in
634 3986 867 4061 elemosinam
880 4008 1045 4055 meorum
1060 3995 1339 4053 antecessorum.
1355 3979 1404 4050 Et
1419 3995 1459 4048 ut
1475 3975 1553 4049 baee
1571 3976 1705 4050 noticia
1718 4000 1859 4074 perma-

463 4128 546 4184 neat
562 4110 684 4199 firma,
701 4136 763 4182 vos
781 4108 939 4182 seniores
953 4104 998 4178 de
1011 4104 1155 4178 castello
1171 4101 1338 4189 Ebriaco‚
1355 4102 1392 4173 in
1408 4125 1568 4200 quorum
1583 4085 1771 4198 praesentia
1789 4095 1857 4171 lroc

462 4232 575 4319 facio,
599 4247 704 4306 testes
721 4232 805 4305 estis
826 4231 958 4303 Sancto
974 4230 1099 4314 Petro,
1114 4229 1197 4326 quia
1214 4252 1282 4326 ego
1298 4250 1409 4297 manu
1424 4248 1503 4295 mea
1523 4223 1620 4294 illam
1643 4219 1804 4311 firmavi,
1822 4235 1859 4292 et

462 4355 506 4428 ad
530 4381 623 4457 quos
647 4352 853 4454 pertinebat
877 4348 1186 4427 corroborandam
1209 4347 1395 4448 proposui.
1422 4346 1460 4417 S.
1479 4344 1651 4431 Ursonis,
1674 4341 1738 4414 filii
1760 4340 1858 4416 Ger·

462 4476 610 4567 mundi,
630 4478 693 4578 qui
713 4476 805 4551 hanc
822 4493 957 4548 cartam
972 4472 1183 4573 fierijussit.
1203 4467 1403 4544 Germundi
1424 4467 1656 4540 vicecomitis.
1677 4465 1856 4566 llugonis,

461 4600 646 4703 praepositi
661 4599 796 4673 clerici.
810 4596 976 4671 Gervini.
995 4592 1132 4667 Aitardi
1140 4647 1151 4683 ,
1167 4591 1289 4664 fratris
1303 4591 1524 4679 Germundi,
1540 4590 1602 4689 qui
1617 4587 1709 4660 hanc
1722 4604 1857 4661 cartam

464 4721 564 4796 fecit.
586 4721 747 4812 Odonis,
765 4719 830 4792 filii
851 4716 1008 4790 Ascelini
1027 4713 1188 4790 Bordeti.
1215 4714 1399 4814 lingonis,
1421 4712 1543 4786 fratris
1569 4713 1657 4810 ejus.
1683 4707 1856 4784 Bodonis.

463 4843 621 4933 Odonis,
645 4843 710 4917 filii
737 4838 931 4941 Ragenadi.
957 4838 1160 4938 Borgereti.
1179 4836 1388 4924 Guillelmi,
1418 4835 1482 4907 filii
1502 4832 1730 4919 Guascelini,
1758 4844 1858 4904 recto

464 4967 613 5042 nomine
632 4962 800 5039 bobardi.
824 4992 843 5034 a
