4462 6120
932 725 1133 802 ornnes.
1627 730 1725 830 nen

335 892 444 957 ment
459 876 532 956 fait
552 875 728 955 mention
745 874 843 957 dans
863 878 900 955 le
919 879 1127 958 cartulaire
1149 878 1199 958 de
1218 875 1398 986 l’abbaye
1412 877 1463 958 de
1478 878 1725 979 saint-Pere,

333 1163 436 1246 sigillis
462 1163 566 1223 nostris
592 1161 712 1223 fecimus
740 1164 869 1246 sigillari.
906 1165 1009 1223 Actum
1045 1163 1211 1238 dictorum,
1238 1176 1351 1224 tenetur
1375 1164 1505 1245 quolibet
1528 1186 1630 1239 anno,
1667 1177 1726 1227 toto

332 1260 496 1335 Meleduni,
512 1283 590 1321 anno
598 1263 716 1322 Domini
726 1273 761 1320 ιιθ
770 1273 816 1324 ec⁰
830 1273 896 1336 xvt,
910 1282 1009 1322 mense
1044 1274 1173 1343 tempore
1184 1262 1315 1343 augusti,
1333 1283 1453 1343 querere
1465 1283 1531 1321 cum
1546 1283 1620 1343 equo
1639 1261 1722 1323 deci-

332 1354 416 1435 jnlio.
437 1382 451 1408 s
471 1353 573 1416 Chart.
590 1356 657 1416 eccl.
677 1357 793 1416 Cernat.
809 1355 834 1415 f⁰
848 1360 902 1416 111
921 1368 965 1431 ι’,
981 1369 1010 1416 et
1044 1382 1121 1420 mam
1136 1374 1280 1434 nostram,
1296 1382 1382 1441 quam
1395 1359 1533 1421 habemus
1547 1359 1623 1442 apud
1638 1358 1721 1420 Mon·

334 1454 405 1528 112,
421 1451 499 1512 Bibl.
517 1452 555 1512 du
570 1454 639 1529 lini,
658 1454 739 1514 Cart.
755 1456 794 1515 28
807 1454 861 1523 tis,
1044 1455 1214 1536 gervillam,
1229 1453 1445 1529 Moienrillam,
1468 1468 1498 1514 et
1517 1453 1719 1516 Bremevillam

364 1580 473 1643 chana
492 1583 623 1643 Agma·
637 1583 766 1666 ,Piscopg
785 1582 977 1643 commem
1044 1567 1072 1611 et
1096 1552 1280 1627 Houvillam,
1307 1565 1335 1612 et
1360 1553 1551 1614 servientibus
1577 1553 1628 1634 qui
1653 1565 1721 1613 sunt

582 1680 646 1740 002,
664 1679 754 1740 1240,
1042 1672 1096 1731 pm
1121 1650 1203 1710 nobis
1227 1663 1451 1713 monstrare.....
1478 1678 1493 1704 a
1523 1648 1621 1710 Chare.
1647 1649 1717 1709 eccl.

523 1812 529 1825 ‚
797 1813 802 1825 ¹
1045 1748 1160 1807 Carnot.
1175 1746 1200 1806 i⁰
1214 1747 1404 1822 33v·,Bih1.
1420 1748 1460 1808 du
1478 1747 1549 1821 Roi,
1568 1747 1648 1806 Cart.
1665 1744 1716 1807 43.

374 1837 387 1864 ι
402 1809 582 1886 Hodaenus,
598 1813 760 1892 prepositus
775 1810 845 1870 ulle
859 1823 955 1870 nostre
971 1811 1007 1872 de

330 1906 490 1986 Sanctolio,
512 1921 642 1987 exparte
661 1907 749 1980 Gile,
767 1908 865 1966 uxoris
884 1928 951 1983 sue,
975 1909 1006 1967 in
1062 1875 1178 1935 Fwdu'
1191 1876 1303 1936 Mam&
1316 1875 1352 1935 di
1363 1875 1531 1936 Bmdssriit'
1545 1877 1614 1936 3²⁰·
1630 1898 1697 1937 ¹¹¹¹·

330 2004 467 2086 granchia
483 2000 580 2063 nostra
597 2004 633 2065 de
646 2003 789 2063 Sanctolio
803 2003 921 2077 habuit,
938 2026 1007 2085 per·
1075 2021 1098 2058 ἀ
1111 2004 1244 2065 Macotus
1262 2005 1299 2065 de
1317 2004 1527 2065 bercheriis...
1549 2016 1628 2065 tenet
1641 2005 1720 2086 apud

330 2100 407 2180 cepit
425 2113 453 2159 et
470 2099 614 2180 possedit,
636 2099 755 2179 pacifice
774 2111 803 2158 et
819 2100 927 2179 quiete,
943 2103 1006 2179 jure
1041 2099 1295 2175 Mondonvillam,
1315 2115 1349 2161 ut
1369 2103 1547 2182 prepositus,
1568 2116 1597 2162 et
1617 2103 1721 2183 recipit

329 2193 521 2269 hereditario,
546 2207 574 2254 et
596 2193 690 2253 adhuc
712 2194 810 2274 quiete
834 2207 863 2252 et
889 2195 1008 2274 pacifice
1043 2221 1075 2259 ιιι
1092 2198 1227 2258 denarios
1245 2198 1282 2257 de
1300 2198 1434 2258 omnibus
1450 2197 1579 2258 emendis
1597 2211 1626 2258 et
1645 2219 1720 2259 ven-

328 2289 416 2352 habet
433 2305 462 2352 et
478 2293 602 2373 percipit
622 2302 649 2350 et
668 2290 795 2371 possidet
818 2291 939 2371 singulis
959 2314 1009 2351 an·
1043 2291 1087 2351 dis
1113 2291 1193 2352 iactis
1221 2293 1300 2373 apud
1326 2292 1576 2367 Mondonviiiam,
1606 2306 1636 2354 et
1660 2315 1718 2354 xxx
1779 2292 1784 2299 ’

329 2389 374 2448 nis
403 2411 436 2448 ea
462 2409 520 2470 que
547 2388 667 2448 inferius
696 2389 876 2469 presentibus
904 2388 1008 2448 litteris
1042 2411 1133 2471 panes
1155 2391 1185 2449 in
1208 2391 1333 2450 crastino
1352 2391 1510 2451 nativitatis
1530 2391 1667 2465 Domini,
1691 2404 1721 2452 et

329 2486 523 2545 continentur.
546 2484 580 2542 ln
604 2485 704 2565 primis
726 2485 808 2564 ponit
826 2482 920 2543 dictus
937 2505 1008 2564 pre·
1043 2486 1121 2568 apud
1149 2485 1396 2547 Ermeuonvillam
1420 2487 1559 2571 Magnam
1586 2501 1615 2548 et
1643 2489 1720 2571 apud

329 2585 437 2663 positus
461 2584 492 2640 in
512 2581 587 2641 dicta
606 2580 742 2663 granchia
757 2593 855 2640 nostra
869 2602 918 2641 sex
933 2603 1008 2641 mes-
1042 2585 1142 2644 Lucon
1170 2584 1290 2644 totidem
1319 2584 1356 2644 de
1384 2584 1514 2644 emendis
1543 2597 1572 2644 et
1599 2584 1720 2659 vendis,

328 2680 465 2751 tirarics,
498 2679 549 2758 qui
574 2678 741 2759 percipiunt
767 2678 798 2735 in
821 2676 897 2737 dicta
923 2680 1008 2759 gran·
1042 2694 1071 2742 et
1084 2681 1227 2741 decimam
1241 2695 1352 2762 partem
1368 2682 1470 2740 canabi
1485 2695 1514 2742 ct
1532 2682 1603 2756 tini,
1618 2695 1648 2743 et
1664 2683 1722 2743 duo

328 2775 392 2837 chia
414 2797 524 2836 nonum
547 2775 695 2847 modium,
717 2795 770 2855 pro
794 2775 913 2834 mestiva
934 2794 1005 2846 sna,
1043 2776 1505 2837 sextariosaveneadmensuram
1514 2775 1720 2837 carnotensem

328 2872 457 2932 omnium
483 2871 635 2931 bladorum
661 2883 719 2930 tam
748 2868 884 2930 frumenti
918 2891 1005 2951 quam
1043 2877 1072 2934 in
1087 2875 1224 2957 granchia
1240 2875 1366 2956 episcopi
1379 2874 1720 2949 Carnotcnsis,etunam

328 2987 419 3028 avene
433 2980 462 3027 et
474 2967 595 3026 aliorum
608 2989 617 3024 s
630 2966 706 3025 vaiet
716 2986 747 3024 tx
757 2966 856 3025 libras.
874 2965 1005 3044 Percepit
1040 2972 1254 3054 quadrigarium
1265 2970 1323 3031 feni
1331 2971 1411 3052 apud
1421 2973 1541 3031 Pontem
1554 2972 1647 3033 Goooi
1659 2986 1718 3033 tam

328 3075 357 3122 et
366 3064 493 3144 possidet
505 3063 598 3123 dictus
612 3065 775 3144 prepositus
785 3065 816 3120 in
828 3062 904 3122 dicta
918 3084 1005 3145 gran·
1039 3067 1225 3142 honeratam,
1249 3067 1329 3148 quod
1350 3068 1400 3129 vix
1422 3079 1480 3127 tres
1503 3070 1590 3148 equi,
1611 3071 1636 3128 si
1657 3069 1720 3128 vult

328 3159 391 3220 chia
404 3172 510 3221 terreas
524 3160 731 3220 moncellorum
744 3171 809 3239 post
819 3159 927 3239 pallam
942 3161 1003 3217 sine
1039 3161 1190 3236 Macotus,
1206 3162 1320 3222 trahere
1331 3164 1441 3243 possint
1453 3175 1534 3223 extra
1547 3177 1628 3244 prata
1647 3187 1717 3245 pre-

327 3258 629 3339 scopn‚etgaspali'um
637 3257 1005 3337 moncellorum3etquam·
1038 3256 1113 3336 fata,
1130 3279 1195 3317 cum
1210 3259 1318 3317 auxilio
1332 3261 1418 3317 etiam
1432 3279 1465 3319 vr
1480 3261 1625 3335 virorum3
1647 3275 1677 3321 et
1694 3264 1719 3320 si

327 3352 377 3414 diu
392 3356 544 3415 trituratur
563 3357 595 3413 in
609 3355 685 3414 dicta
701 3353 857 3436 granchia,
875 3355 905 3412 in
925 3353 1005 3412 iber-
1040 3355 1117 3416 dicta
1128 3354 1268 3437 quadriga
1283 3354 1372 3415 fracta
1383 3356 1486 3430 fuerit,
1499 3379 1550 3438 pre
1561 3358 1651 3418 nimio
1661 3358 1720 3420 ho·⁴

327 3453 413 3535 nsgm
426 3450 548 3533 quilibet
563 3450 745 3512 mestivarius
759 3451 842 3511 debet
857 3449 963 3510 habere
977 3461 1005 3508 et
1040 3473 1109 3513 nere
1118 3494 1127 3527 ,
1145 3453 1176 3512 in
1198 3451 1275 3511 dicto
1292 3464 1393 3532 prato,
1418 3451 1511 3513 dictus
1534 3453 1665 3513 Macotus
1687 3457 1717 3514 in

326 3550 488 3630 percipere,
504 3549 638 3629 qualibet
649 3551 828 3629 septimana,
843 3568 931 3607 unam
949 3545 1005 3606 fla·
1040 3549 1089 3608 illo
1109 3570 1187 3608 anno
1206 3547 1368 3629 predictum
1388 3547 1486 3608 fenum
1506 3572 1565 3609 non
1587 3549 1715 3611 habebit.

326 3645 463 3728 gellatam
475 3648 633 3722 straminis,
645 3659 783 3727 quantam
794 3646 922 3726 quinque
934 3664 1007 3704 mes·
1039 3645 1078 3706 Et
1102 3645 1187 3704 habet
1212 3644 1305 3705 dietus
1330 3645 1462 3706 Macotus
1488 3669 1504 3706 a
1528 3645 1599 3706 sesto
1621 3661 1718 3709 sancte

324 3743 492 3803 tivariorum
512 3757 633 3824 possunt
657 3744 753 3803 levare
774 3764 860 3821 super
880 3753 1002 3800 sextum.
1041 3742 1141 3802 Crucis
1167 3743 1197 3801 in
1222 3744 1299 3801 maio
1318 3764 1410 3824 usque
1432 3744 1470 3804 ad
1491 3742 1596 3804 festum
1620 3741 1718 3806 sancte

326 3839 401 3900 Item
424 3842 547 3921 percipit
566 3840 659 3901 dictus
680 3841 841 3921 prepositus
860 3850 1005 3919 retrogas-
1041 3836 1141 3898 Crucis
1152 3837 1183 3896 in
1198 3837 1370 3917 septembri,
1386 3839 1496 3899 tamdiu
1511 3861 1576 3899 cum
1591 3852 1718 3900 moratur

324 3937 437 4019 palium
451 3950 480 3998 et
493 3937 640 3997 saciatium
658 3950 687 3998 et
699 3940 726 3998 le
737 3958 839 4008 veras,
855 3947 884 3994 et
897 3935 924 3994 le
939 3933 1004 3994 len-
1038 3937 1189 4016 episcopus
1209 3934 1285 3994 infra
1301 3934 1474 4016 banleugam
1492 3935 1713 4017 carnotensem,

325 4032 425 4107 allaz,
453 4045 483 4092 et
505 4033 531 4092 Ie
549 4055 641 4115 pesas
655 4056 666 4091 .·
681 4033 758 4093 valet
783 4053 805 4092 ιι
831 4030 953 4091 modios.
977 4031 1003 4090 A
1038 4032 1159 4114 singulis
1178 4031 1296 4109 diebus,
1319 4052 1418 4111 prose
1437 4045 1535 4091 etsuo
1550 4034 1713 4115 armigero,

324 4130 494 4209 primorem
505 4130 601 4210 galina
612 4131 739 4189 intrante
748 4128 907 4210 predictam
919 4148 1003 4210 gran·
1035 4128 1213 4210 prebendam
1241 4139 1451 4209 competentem
1480 4127 1537 4188 feni
1569 4142 1598 4188 et
1622 4151 1714 4191 avene

324 4224 418 4286 chiam
433 4241 572 4300 nostram,
588 4226 697 4286 habent
711 4239 739 4286 et
755 4227 917 4308 percipient
930 4224 1000 4284 dicti
1036 4226 1148 4285 duobus
1163 4226 1261 4305 equis,
1277 4237 1306 4283 et
1319 4222 1425 4282 bonate
1444 4223 1464 4282 ὰ
1483 4238 1562 4284 court
1578 4228 1603 4285 ei
1619 4239 1648 4287 et
1661 4248 1713 4286 suo

324 4325 485 4405 prepositus
502 4337 529 4384 et
544 4327 606 4404 ejus
624 4346 708 4398 uxor,
727 4325 791 4402 jure
806 4322 998 4396 hereditario,
1034 4323 1175 4403 armigero
1188 4333 1216 4379 et
1229 4320 1284 4379 viri
1300 4321 1427 4400 garcioni
1444 4321 1545 4381 vinum
1559 4335 1588 4382 et
1604 4323 1713 4383 cande-

324 4421 355 4480 in
376 4419 454 4481 dicta
474 4421 612 4502 granchia
632 4432 747 4494 nostra,
761 4421 891 4501 qualibet
906 4421 953 4481 die
968 4422 998 4478 in
1033 4420 1091 4478 lam
1116 4418 1153 4478 ad
1179 4418 1380 4478 sufficientiam
1384 4461 1446 4479 .....
1468 4418 1712 4500 Quotiescumque

324 4538 409 4581 mane
422 4530 451 4578 et
464 4540 547 4593 sero,
563 4520 768 4579 comestionem
783 4539 863 4576 suam
880 4519 911 4576 in
922 4537 998 4596 pane
1033 4517 1184 4596 episcopus
1207 4513 1390 4574 Carnotcnsis
1412 4515 1473 4575 vult
1496 4516 1538 4575 ire
1560 4519 1589 4575 in
1612 4516 1712 4576 hosta-

322 4622 353 4671 et
370 4613 440 4673 vino
458 4625 487 4673 ct
505 4615 656 4685 camibus;
675 4626 705 4673 et
725 4612 828 4672 diebus
844 4613 957 4673 veneris
971 4624 999 4671 et
1034 4615 1132 4694 gium,
1155 4632 1247 4673 unum
1265 4613 1418 4671 roncinum
1434 4633 1487 4692 pro
1504 4633 1556 4671 suo
1570 4612 1711 4694 armigero

323 4706 459 4786 sabbatis,
470 4712 549 4771 oreis
560 4724 588 4771 et
598 4712 698 4786 caseis,
709 4731 801 4790 usque
811 4709 848 4770 ad
857 4709 944 4769 finem
953 4710 1001 4769 tri·
1034 4708 1122 4767 habet
1142 4720 1171 4768 et
1191 4707 1276 4768 debet
1298 4708 1403 4768 habere
1428 4707 1464 4767 de
1484 4708 1650 4768 hominibus
1674 4709 1710 4769 de

322 4809 473 4868 tutationis
486 4819 631 4882 extreme,
649 4808 720 4868 duos
732 4808 878 4868 boissellos
888 4828 997 4880 avene,
1032 4803 1213 4875 Bercheriis;
1230 4816 1259 4864 et
1273 4803 1366 4864 dictus
1381 4804 1538 4883 [Macotus]
1554 4816 1668 4865 tenetur
1681 4818 1711 4865 et

323 4920 375 4979 pro
391 4919 466 4981 equo
476 4923 547 4976 suo,
563 4905 724 4964 cumulatos
736 4926 745 4962 s
758 4904 833 4963 valet
844 4924 885 4964 xv
897 4903 996 4963 libras.
1034 4923 1101 4962 suus
1115 4903 1240 4984 armiger
1253 4924 1320 4962 curn
1332 4902 1410 4962 dicto
1424 4902 1558 4983 episeopo
1573 4923 1709 4985 pergere,

322 4995 424 5058 Dictus
445 5011 540 5059 antem
562 5003 741 5083 prepositus,
762 5002 912 5062 occasione
931 5022 1000 5083 pre·
1034 5000 1073 5060 ita
1084 5011 1180 5061 tamen
1189 4999 1374 5084 quodeano
1382 4997 1418 5058 de
1427 4998 1512 5060 domo
1522 5018 1709 5080 suaegressns

1538 5104 1562 5178 t
