4462 6120
282 687 349 758 116
796 688 1141 762 MONASTERlUM

275 862 340 911 ore
365 834 440 908 veri
467 833 599 905 Christi
631 849 666 905 et
693 851 905 910 nostrorum
929 836 1117 924 omnium,
1148 860 1239 935 quos
1267 858 1395 907 vocare
1418 831 1661 933 dignatusest

274 955 495 1030 Christianos
508 980 604 1043 suos,
619 953 852 1028 anathematis
867 957 984 1056 gladio
992 958 1196 1059 juguletur.
1212 958 1314 1028 Hanc
1327 952 1662 1054 autemsugillatio·

275 1105 359 1151 nem
379 1077 454 1164 vel,
473 1092 515 1147 ut
538 1077 586 1149 ita
608 1076 743 1166 dicam,
763 1078 1018 1177 sigillationem
1040 1080 1172 1179 singuli
1195 1077 1425 1178 singulorum
1447 1074 1660 1149 nominibus

274 1201 568 1300 coepiscoporum
582 1198 758 1272 subscribi
775 1201 1014 1274 decernimus.
1043 1200 1248 1276 Rodbertus
1263 1198 1498 1299 archipresul,
1513 1198 1576 1299 qui
1591 1195 1661 1273 hoc

271 1348 362 1420 opus
387 1321 527 1421 pietatis
547 1321 701 1420 incoepit
724 1338 760 1395 ct
781 1321 946 1421 perfecit.
967 1321 1175 1398 Rodbertus
1194 1324 1431 1398 Constantine.
1453 1319 1660 1394 Radbertus

271 1444 412 1515 Lisivae.
429 1442 622 1518 Radbodus
638 1444 768 1516 Saxiae.
784 1446 891 1544 Ilugo
905 1443 1057 1518 Ebroas.
1073 1446 1269 1545 Maingisus
1284 1444 1540 1519 Abrincarum.
1551 1439 1662 1517 Vvit·

271 1564 410 1638 lelmus.
425 1563 636 1638 Richardus.
653 1565 844 1638 Rodulfus.
861 1568 981 1666 Hugo.
997 1567 1240 1642 VVascelinus
1252 1567 1536 1641 archidiaconus.
1552 1567 1661 1639 Hein-

271 1691 380 1777 ricus,
392 1687 499 1761 abhas
510 1689 630 1760 Sancti
644 1688 823 1761 Audoeni.
837 1688 1031 1760 Balduinus
1044 1688 1326 1764 archidiaconus.
1344 1689 1548 1774 HeinricuS,
1564 1713 1661 1788 pres·

269 1810 366 1882 biter
385 1826 421 1882 et
437 1810 601 1883 decanus.
618 1809 796 1884 Rodulfus
814 1809 1028 1907 capellanus.
1050 1811 1259 1899 llerluinus,
1276 1811 1382 1883 levita
1400 1824 1435 1882 et
1449 1809 1656 1884 canonicus.

270 1929 710 2006 Corbucio.VVillelmus.
726 1928 933 2003 Pascharius
940 1930 1154 2029 capellanus.
1168 1930 1347 2005 Rodulfus
1359 1930 1403 2004 de
1413 1933 1546 2004 Sancto
1556 1931 1661 2009 Sanc·

268 2081 368 2128 sone.
381 2054 483 2142 Atto,
499 2054 606 2125 levita
621 2068 658 2125 et
675 2053 890 2152 capellanus.
906 2052 985 2127 Odo
994 2055 1223 2153 praepositus.
1240 2052 1333 2142 Odo,
1346 2054 1657 2155 levitaetcapella·

269 2203 350 2249 nus.
367 2175 571 2249 Osmundus
586 2175 803 2251 Tudeborti.
819 2177 1008 2275 Rogerius,
1026 2176 1121 2248 filius
1135 2175 1321 2248 Hunsridi.
1340 2175 1557 2250 bescelinus.
1572 2177 1660 2250 Gui-

267 2297 423 2372 mundus
433 2324 574 2401 parvus.
590 2298 780 2398 hogerius,
791 2297 886 2372 lilius
897 2298 1034 2372 Odonis
1045 2296 1287 2400 praepositide
1298 2299 1470 2376 Noiomo.
1485 2299 1657 2375 albertus

267 2420 471 2496 hostiarius.
491 2419 688 2511 Rodulfus,
710 2419 806 2495 filius
823 2419 981 2494 0sherti.
1000 2449 1019 2490 a

739 2631 1087 2724 CAPITULUM
1119 2636 1176 2725 V.

666 2806 710 2864 De
723 2809 990 2886 recumpensatione
1005 2807 1117 2865 Amulli
1132 2806 1250 2865 abbatis.

314 2991 337 3037 *
354 3018 372 3056 a
390 2988 453 3058 ln¹
473 2983 621 3057 nomine
640 2983 786 3057 Domini
805 2988 922 3058 nostri
940 2984 1048 3059 Jhesu
1064 2983 1211 3057 Christi.
1235 2986 1311 3085 Ego
1327 2985 1440 3059 frater
1457 2983 1653 3071 Arnulfus,

264 3110 385 3183 Sancti
399 3107 494 3180 Petri
510 3105 739 3178 Carnotensis
753 3104 929 3194 coenobii,
947 3107 1032 3179 licet
1045 3104 1230 3206 indignus,
1249 3106 1371 3195 abbas,
1387 3105 1657 3181 cumfratribus

263 3231 373 3309 michi
396 3228 606 3305 commissis.
634 3226 773 3298 Notum
798 3252 871 3300 esse
896 3228 982 3301 volo
1004 3230 1139 3302 nostris
1165 3227 1450 3320 successorihus,
1476 3228 1560 3326 quia
1586 3250 1656 3326 pro

263 3358 409 3429 caritate
433 3369 469 3427 et
490 3350 602 3423 multa
627 3348 854 3448 benignitate
877 3374 987 3450 quam
1013 3366 1141 3424 nostro
1166 3350 1250 3425 loco
1275 3367 1312 3423 et
1331 3349 1439 3425 nobis
1464 3347 1653 3449 inpendit,

262 3497 413 3581 propter
436 3474 614 3551 honorem
634 3471 755 3543 Sancti
779 3472 898 3560 Petri,
925 3472 1182 3572 amplectendae
1210 3476 1397 3548 memoriae
1422 3469 1654 3570 archipraesul

261 3600 454 3698 Rotomagi
469 3597 624 3669 domnus
638 3591 858 3683 Rodbertus,
874 3592 917 3666 de
932 3596 1088 3668 aecclesia
1102 3598 1218 3668 nostri
1232 3595 1409 3696 siquidem
1420 3592 1596 3686 coenobii,
1610 3592 1654 3667 de

261 3753 333 3826 qua
353 3744 501 3798 omnem
524 3716 734 3790 violentiam
756 3715 996 3788 archidiaconi
1021 3733 1056 3790 et
1078 3743 1323 3793 successorum
1344 3720 1419 3816 ejus
1438 3718 1595 3790 removit
1616 3715 1654 3787 in

261 3858 491 3947 perpetuum,
508 3840 600 3912 sicut
613 3838 650 3910 in
668 3835 815 3912 archivo
828 3855 955 3914 nostro
969 3841 1194 3930 continetur,
1209 3840 1384 3940 scriptum
1398 3839 1497 3940 quod
1508 3836 1655 3939 quidem

262 3971 337 4069 ipse
353 3966 565 4064 frequenter
580 3958 824 4035 nominandus
840 3959 1072 4060 archipraesul
1088 3961 1244 4036 domnus
1258 3960 1465 4036 Rodbertus
1480 3985 1601 4035 coram
1617 3983 1654 4032 se

263 4088 370 4163 scribi
387 4086 526 4160 feritet
545 4082 653 4159 nobis
669 4081 883 4156 servandum
900 4102 1075 4184 perpetuo
1094 4084 1269 4173 contulit3
1288 4111 1358 4183 pro
1377 4083 1462 4171 hac,
1484 4084 1652 4183 inquam,

264 4212 423 4310 benigna
443 4209 608 4295 caritate,
633 4222 764 4280 notum
786 4208 1063 4298 essevolumus,
1089 4209 1172 4309 quia
1195 4224 1381 4308 gratanter
1399 4205 1654 4281 constituimus

263 4353 369 4438 atque
387 4330 604 4417 sanccimus,
622 4345 684 4418 ut,
704 4354 773 4428 pro
792 4330 910 4400 anima
928 4333 1023 4429 ejus,
1044 4329 1089 4401 ab
1113 4328 1177 4402 hac
1202 4329 1260 4403 die
1280 4332 1318 4403 in
1337 4344 1535 4417 aeternum,
1559 4351 1653 4400 unus

261 4481 398 4559 pauper
414 4449 578 4554 quotidie
597 4449 703 4549 pedes
722 4450 874 4537 lavetur,
894 4453 1091 4543 reficiatur,
1112 4455 1213 4525 vivus
1234 4467 1465 4551 procuretur,
1485 4464 1653 4522 mortuus

262 4578 476 4680 sepeliatur3
502 4572 694 4672 oportunis
720 4568 846 4643 dicbus
872 4574 1028 4672 psalmus
1055 4575 1094 4646 in
1121 4591 1305 4648 conventu
1326 4573 1489 4674 plenario
1514 4596 1583 4671 pro
1608 4597 1653 4646 eo

262 4717 426 4775 cantetur
439 4695 656 4771 :Eoeaudiat
673 4712 704 4766 te
715 4696 908 4787 Dominus,
925 4698 964 4768 in
975 4697 1054 4784 dia·
1066 4724 1130 4797 per
1147 4696 1305 4795 singulas
1315 4693 1529 4768 ebdomadas
1545 4694 1650 4768 missa

307 4907 313 4934 ¹
332 4899 418 4959 llauc
431 4895 558 4957 chartam
575 4895 662 4956 habes
676 4894 783 4956 editam
799 4895 830 4955 in
848 4895 931 4960 Gall.
951 4896 1058 4959 Christ.
1063 4941 1073 4970 ,
1090 4910 1109 4957 t.
1126 4895 1219 4970 Vlll,
1236 4897 1332 4970 inste,
1349 4894 1393 4954 col
1407 4892 1480 4977 29&
