4462 6120
334 697 379 767 58
847 687 1200 763 MONASTERIUM

332 843 383 913 eis
399 839 443 912 ad
461 860 608 912 censum
625 834 874 924 concedimus,
893 851 936 906 ut
954 833 1108 936 desuper
1127 834 1243 908 securi
1262 830 1431 906 edificent
1451 845 1506 918 et,
1525 830 1631 903 annis
1648 828 1727 903 sin-

332 962 438 1061 gulis,
453 963 491 1034 in
505 959 698 1035 festivitate
711 958 823 1031 sancti
839 958 1007 1046 carauni,
1022 984 1105 1060 quae
1118 973 1172 1032 est
1186 983 1210 1030 v
1224 953 1392 1028 kalendas
1396 953 1508 1054 junii,
1525 954 1728 1024 incensum

332 1083 464 1160 solidos
477 1108 501 1155 x
518 1066 736 1183 persolvant.
750 1082 786 1153 Si
804 1079 849 1153 dc
866 1077 936 1156 hoc
951 1079 1174 1180 negligentes
1190 1077 1402 1165 extiterint,
1422 1073 1588 1176 legaliter
1605 1099 1728 1147 emen-

331 1205 439 1295 dent,
467 1220 504 1277 et
529 1203 757 1279 molendinos
781 1219 818 1277 et
842 1220 976 1276 terram
999 1228 1076 1277 non
1102 1200 1272 1302 perdant;
1296 1214 1352 1275 set
1371 1196 1529 1273 babeam
1543 1196 1728 1270 licentiam

331 1327 508 1403 vendendi
527 1328 583 1402 vel
598 1326 705 1400 dandi
723 1328 939 1427 cuicumque
955 1326 1160 1413 volucrint3
1181 1327 1228 1398 ita
1246 1338 1288 1397 ut
1304 1320 1532 1399 venditiones
1547 1336 1585 1395 et
1601 1345 1729 1394 census

331 1449 374 1522 ad
398 1453 579 1523 seniorem
596 1451 828 1550 perveniant,
854 1447 976 1548 eisque
997 1447 1151 1549 amplius
1168 1472 1246 1522 non
1261 1448 1470 1548 requiratur
1495 1446 1534 1517 in
1554 1468 1724 1529 censum,

333 1573 401 1644 nisi
419 1571 518 1672 quod
541 1573 706 1670 superius
728 1585 782 1643 est
806 1572 995 1644 insertum.
1015 1570 1194 1663 Quatinus
1219 1586 1340 1642 autem
1367 1566 1444 1640 haec
1467 1582 1563 1639 carta
1585 1566 1728 1639 firmior

332 1695 396 1779 sit,
417 1720 529 1765 manu
544 1695 693 1793 propria
711 1719 789 1766 cam
806 1692 1027 1767 firmavimus
1044 1708 1081 1765 et
1097 1693 1232 1766 seniori
1250 1705 1379 1765 nostro
1395 1693 1542 1790 ejusque
1561 1685 1729 1761 fidelibus

332 1815 576 1890 roborandam
596 1815 810 1889 obtulimus.

384 1936 546 2009 «Actum
569 1939 738 2013 Carnote.
759 1938 912 2037 Signum
935 1937 1089 2025 Odonis,
1115 1935 1293 2037 praesulis.
1316 1938 1354 2008 S.
1377 1935 1563 2035 Suggerii,
1585 1932 1725 2005 decani.

332 2059 366 2130 S.
381 2059 522 2148 Eirvei,
540 2062 602 2161 qui
622 2059 714 2132 hanc
735 2076 871 2132 cartam
894 2059 970 2132 fieri
987 2061 1090 2159 jusit.
1117 2058 1154 2131 S.
1174 2057 1353 2148 Alcberii,
1370 2055 1577 2157 presbiteri.
1602 2054 1639 2127 S.
1659 2054 1730 2127 Οι-

332 2179 448 2271 baldi,
469 2180 674 2282 presbiteri.
694 2183 731 2255 S.
752 2181 925 2269 Evrardi,
944 2182 1151 2282 presbiteri.
1171 2181 1208 2252 S.
1220 2178 1430 2270 VVidonis,
1448 2178 1581 2252 levitae.
1597 2178 1635 2250 S.
1648 2174 1728 2249 Te·

333 2302 455 2392 duini,
473 2304 604 2378 levitae.
625 2305 662 2377 S.
681 2303 870 2389 Johannis,
889 2304 1022 2378 levitae.
1043 2306 1080 2378 S.
1101 2304 1263 2405 Rogerii.
1284 2301 1321 2374 S.
1337 2300 1517 2389 Dolionis,
1536 2301 1697 2399 majoris.

386 2457 403 2495 a
418 2426 507 2498 Data
525 2455 577 2498 nn
601 2425 680 2509 idus
704 2426 798 2515 mai,
820 2450 917 2501 auno
945 2452 1027 2500 run
1055 2426 1157 2527 regui
1177 2422 1370 2500 Gbotharii
1387 2424 1493 2522 regis.
1514 2421 1730 2496 Grimuinus

335 2548 496 2646 scripsit,
515 2547 559 2621 ad
576 2549 691 2621 vicem
708 2548 889 2648 Suggerii.
909 2579 928 2616 n

799 2832 1153 2925 clrrrucutt
1185 2838 1270 2925 tv.
1334 2812 1339 2822 ’

529 3054 602 3114 Item
617 3054 741 3135 qualiter
755 3054 854 3115 eadem
869 3078 934 3116 area
951 3056 988 3116 ad
1004 3056 1158 3118 monachos
1173 3057 1270 3118 Sancti
1286 3058 1363 3118 Petri
1382 3059 1540 3119 devenerit.

386 3314 403 3351 n
414 3282 456 3356 ln
468 3280 604 3355 Christi
616 3283 779 3369 nomine,
792 3280 871 3355 Odo
881 3284 996 3380 gratia
1008 3283 1071 3356 Dei
1085 3284 1363 3359 Carnotensium
1373 3284 1520 3357 humilis
1530 3285 1729 3384 episcopus.

336 3405 475 3479 Notum
493 3403 753 3479 essevolumus
774 3404 916 3477 cunctis
938 3406 1203 3482 successoribus
1219 3408 1354 3482 nostris
1370 3424 1407 3479 et
1429 3407 1580 3508 reliquis
1597 3405 1728 3479 Christi

335 3527 522 3618 fidelibus,
539 3526 696 3629 qualiter
708 3522 851 3601 cuidnn
865 3530 1042 3603 canonico
1060 3530 1201 3602 Sanctae
1218 3531 1342 3604 Mariae
1359 3546 1396 3604 et
1412 3547 1560 3617 nostro,
1581 3531 1731 3605 nomine

335 3649 541 3742 liudberto,
560 3649 742 3752 quandam
759 3674 877 3723 aream
895 3649 1054 3727 duorum
1077 3650 1396 3744 molendinorum,
1417 3655 1664 3753 pertinentem
1687 3650 1730 3725 ad

334 3772 488 3847 abatiam
501 3773 624 3845 Sancti
637 3773 816 3844 Caurauni
825 3826 836 3862 ,
854 3799 938 3846 cum
952 3775 1036 3875 ipsis
1051 3773 1271 3850 molendinis
1283 3800 1377 3878 quos
1388 3773 1435 3851 de
1447 3774 1631 3864 Ardrado,
1647 3802 1731 3874 pro·

333 3898 416 3994 prio
439 3912 607 3996 sumptu,
632 3898 874 3997 comparavit,
899 3924 966 3997 per
989 3925 1142 3971 manum
1165 3899 1305 3974 firmem
1325 3898 1543 3973 oemualiter
1564 3896 1730 3971 concedi·

333 4046 427 4093 mus.
445 4022 510 4093 Est
526 4035 646 4095 autem
664 4020 738 4119 ipsa
753 4046 833 4092 area
852 4020 892 4093 in
904 4047 997 4122 pago
1012 4022 1214 4097 Carnotino
1230 4048 1338 4123 super
1352 4018 1508 4095 fluvium
1521 4020 1708 4094 Auduram
1717 4075 1728 4109 ,

334 4144 372 4213 in
394 4142 478 4217 loco
498 4143 563 4244 qui
584 4142 721 4215 dicitur
739 4143 767 4217 F
769 4143 856 4215 alica
863 4196 875 4232 ,
898 4169 982 4216 cum
1000 4172 1076 4219 uno
1096 4171 1222 4220 manso
1234 4142 1278 4219 de
1296 4161 1412 4233 terra,
1430 4147 1493 4246 qui
1511 4147 1674 4242 conjacet
1693 4144 1730 4215 in

333 4264 424 4337 valle
440 4265 561 4337 Sancti
578 4266 775 4354 Caurauui,
793 4282 830 4339 et
843 4267 881 4337 in
895 4266 1051 4341 Dorulfo
1064 4267 1204 4355 Monte,
1224 4284 1261 4342 et
1279 4268 1317 4339 in
1335 4267 1406 4343 alio
1422 4267 1503 4342 loco
1516 4266 1580 4368 qui
1596 4265 1731 4338 dicitur

334 4389 439 4487 Lupo
450 4387 594 4464 Vultus.
620 4388 720 4461 Hanc
740 4389 859 4490 itaque
877 4414 1015 4482 aream,
1038 4417 1121 4463 cum
1133 4390 1352 4464 molendinis
1371 4408 1407 4464 et
1424 4388 1598 4492 praedicta
1612 4406 1729 4476 terra,

335 4511 384 4582 ita
397 4510 552 4611 prefato
564 4508 752 4585 liudberto
773 4510 817 4584 ad
834 4538 983 4586 censum
1003 4512 1247 4604 concedimus,
1262 4529 1305 4586 ut
1323 4513 1476 4614 desuper
1491 4538 1638 4588 securus
1654 4510 1732 4587 edi-

336 4632 418 4707 licet
441 4649 497 4724 et,
523 4633 627 4707 annis
650 4634 819 4733 singulis,
845 4635 951 4707 missa
974 4637 1087 4709 sancti
1112 4637 1286 4727 Cerauni,
1311 4638 1350 4709 in
1373 4662 1520 4713 censum
1547 4634 1679 4711 solidos
1708 4665 1730 4707 x

335 4755 528 4854 persolvat.
546 4755 582 4829 Si
600 4754 643 4828 de
658 4753 727 4830 hoc
743 4754 931 4859 negligens
945 4757 1076 4847 fuerit,
1095 4758 1259 4861 legaliter
1278 4758 1445 4835 emendet
1463 4778 1500 4834 et
1516 4786 1635 4835 aream
1655 4786 1729 4835 non

227 4866 231 4875 ’
335 4875 484 4975 perdat,
510 4895 563 4953 set
583 4877 746 4979 quandiu
767 4879 900 4957 uixerit
922 4898 1060 4973 tenent,
1086 4898 1169 4982 post
1190 4880 1333 4957 obitum
1349 4909 1498 4985 quoque
1520 4909 1626 4957 suum
1651 4909 1732 4958 eos-
