4462 6120
431 705 500 773 112
951 701 1298 777 MONASTElllUM
1646 713 1678 771 ο

427 848 614 948 sequenti,
648 847 711 919 illo
741 847 819 945 ipso
849 863 1086 946 suggerente,
1117 848 1236 922 omnis
1260 848 1319 920 illa
1345 847 1562 948 nequissima
1586 849 1823 951 congregatio

427 970 535 1042 simul
556 996 622 1070 per
643 948 807 1042 officiales
831 970 952 1069 regios
974 970 1018 1043 de
1044 970 1155 1046 domo
1175 970 1239 1044 ubi
1265 987 1369 1044 erant
1393 973 1603 1072 congregati
1629 987 1715 1045 sunt
1737 972 1824 1047 abs-

428 1093 532 1164 tracti
542 1146 554 1181 ,
576 1106 612 1164 et
626 1092 665 1163 in
679 1090 875 1166 aecclesiam
889 1092 1029 1164 Sanctae
1048 1093 1174 1165 Crucis
1191 1110 1274 1166 ante
1296 1119 1418 1193 regem
1438 1109 1546 1194 atque
1565 1095 1822 1193 episcoporum

426 1240 466 1286 ac
482 1214 700 1288 clericorum
711 1230 851 1288 coetum
866 1212 1023 1287 adducti.
1037 1216 1114 1304 Set,
1130 1229 1323 1316 antequam
1337 1215 1380 1288 ad
1389 1215 1607 1290 conflictum
1618 1200 1817 1308 veniamus,

424 1335 468 1409 de
486 1335 570 1412 cibo
590 1336 653 1412 illo
669 1339 733 1438 qui
758 1336 897 1410 celestis
920 1335 965 1408 ab
995 1337 1065 1409 illis
1096 1336 1298 1427 dicebatur,
1322 1338 1420 1439 quali
1443 1355 1520 1413 arte
1541 1338 1817 1431 conficiebatur,

425 1458 668 1534 nescientibus
686 1458 934 1533 demonstrare
955 1460 1101 1534 curabo.

473 1582 799 1683 congregabantur
824 1582 1001 1682 siquidem
1028 1584 1136 1657 certis
1162 1583 1333 1657 noctibus
1356 1585 1395 1656 in
1421 1582 1532 1671 domo
1561 1581 1816 1674 denominata,

306 1729 309 1732 ⁴
424 1706 557 1806 singuli
576 1706 739 1781 lucernas
754 1721 918 1779 tenentes
934 1705 970 1776 in
984 1705 1170 1798 manibus,
1190 1722 1241 1795 et,
1257 1706 1301 1779 ad
1316 1706 1428 1779 instar
1445 1706 1602 1795 letaniae,
1620 1706 1820 1781 demonum

423 1832 573 1902 nomina
589 1828 858 1919 declamabant,
881 1827 998 1906 donec
1019 1828 1142 1909 subito
1161 1828 1355 1904 demonem
1378 1831 1416 1902 in
1438 1827 1673 1903 similitudine
1693 1835 1819 1927 cujus·

422 1950 514 2023 libet
534 1951 698 2026 bestiolae
720 1953 897 2026 intereos
918 1951 1082 2025 riderent
1105 1951 1332 2028 descendere.
1356 1952 1428 2044 Qui
1448 1953 1572 2024 statim
1599 1967 1641 2024 ut
1666 1951 1818 2025 visibilis

423 2074 483 2146 illa
508 2073 697 2147 videbatur
726 2075 838 2164 visio,
865 2076 1036 2148 omnibus
1061 2079 1231 2150 extinctis
1254 2075 1516 2165 luminaribus,
1546 2076 1818 2175 quamprimum

421 2196 574 2296 quisque
591 2212 753 2294 poterat,
773 2197 962 2267 mulierem
980 2223 1063 2294 quae
1080 2194 1125 2268 ad
1141 2218 1291 2268 manum
1313 2195 1382 2297 sibi
1400 2196 1584 2286 veniebat,
1604 2196 1648 2268 ad
1659 2196 1818 2273 abuten-

420 2316 509 2389 dum
531 2315 746 2416 arripiebat,
769 2316 846 2387 sine
866 2315 1001 2412 peccati
1020 2331 1201 2414 respectu,
1218 2330 1255 2387 et
1273 2332 1400 2387 utrum
1419 2333 1535 2390 mater
1555 2335 1619 2389 aut
1634 2344 1739 2393 soror
1754 2334 1818 2392 aut

420 2439 596 2514 monacha
611 2437 818 2524 haberetur,
833 2462 903 2534 pro
917 2437 1106 2509 sanctitate
1116 2462 1157 2508 ac
1174 2436 1351 2536 religione
1366 2441 1442 2535 ejus
1455 2436 1673 2511 concubitus
1686 2438 1817 2513 abillis

420 2560 665 2634 estimabatur.
689 2560 746 2631 Ex
763 2583 839 2661 quo
858 2559 1090 2658 spurcissimo
1108 2557 1310 2632 concubitu
1326 2558 1445 2631 infans
1461 2576 1671 2658 generatus,
1689 2578 1827 2635 octava·

419 2683 497 2771 die,
515 2687 553 2757 in
569 2683 691 2756 medio
705 2708 835 2756 eorum
852 2682 1000 2780 copioso
1017 2683 1100 2780 igne
1112 2708 1276 2772 accenso,
1294 2680 1463 2780 piabatur
1475 2707 1540 2782 per
1553 2683 1693 2781 ignem,
1710 2709 1815 2758 more

419 2790 656 2908 antiquorum
674 2829 916 2904 paganorum,
933 2804 1036 2877 etsie
1053 2804 1091 2875 in
1110 2805 1193 2902 igne
1210 2803 1453 2876 cremabatur.
1476 2805 1585 2904 Cujus
1605 2805 1695 2877 cinis
1715 2822 1830 2878 tanta-
1882 2896 1892 2908 ἢ

418 2929 650 3003 veneratione
664 2925 903 3026 colligebatur
915 2943 1022 3028 atque
1039 2924 1323 3015 custodiebatur,
1338 2944 1381 2999 ut
1392 2924 1586 3000 christiana
1601 2926 1814 3028 religiositas

416 3080 548 3152 corpus
571 3050 705 3124 Christi
729 3049 903 3126 custodiri
927 3049 1038 3140 solet,
1063 3051 1169 3150 aegris
1189 3049 1349 3123 dandum
1368 3049 1413 3124 de
1433 3048 1503 3124 boc
1523 3050 1646 3125 seculo
1663 3051 1813 3124 exituris

415 3175 458 3249 ad
471 3152 657 3247 viaticum.
678 3174 798 3246 lnerat
816 3179 914 3246 enim
928 3189 1027 3244 tanta
1042 3173 1093 3245 vis
1110 3172 1299 3246 diabolicae
1315 3173 1451 3246 fraudis
1468 3175 1508 3246 in
1526 3174 1604 3273 ipso
1618 3173 1752 3263 cinere,
1772 3191 1815 3246 ut

412 3300 634 3400 quicumque
658 3295 702 3370 de
725 3295 874 3396 praefata
899 3295 1013 3369 heresi
1038 3294 1201 3366 imbutus
1226 3295 1352 3369 fuisset
1380 3313 1417 3368 et
1447 3293 1491 3368 de
1520 3295 1648 3371 eodem
1669 3297 1809 3383 cinere,

412 3423 575 3523 quamvis
595 3417 770 3493 sumendo
794 3444 922 3517 parum
937 3417 1215 3517 praelibavisset,
1237 3419 1297 3490 rix
1315 3445 1479 3520 unquam
1491 3418 1673 3518 postcade
1689 3418 1813 3492 eadem

413 3543 526 3617 heresi
554 3570 714 3643 gressum
737 3543 870 3615 mentis
894 3540 938 3613 ad
961 3543 1057 3614 viam
1080 3544 1241 3614 veritatis
1263 3541 1419 3642 dirigere
1436 3542 1584 3615 valeret.
1605 3543 1658 3615 De
1678 3569 1748 3644 qua
1772 3567 1811 3615 re
1932 3594 1935 3602 ·

412 3694 541 3765 parum
555 3665 684 3739 dixisse
699 3664 862 3753 sufficiat,
879 3681 921 3735 ut
934 3662 1160 3738 Christicolae
1175 3683 1323 3738 caveant
1336 3693 1371 3739 se
1385 3665 1431 3738 ab
1445 3663 1515 3740 hoe
1528 3665 1669 3740 nefario
1684 3690 1808 3764 opere,

413 3815 490 3863 non
511 3806 554 3860 ut
575 3784 741 3860 studeant
762 3787 931 3862 sectando
950 3788 1136 3861 immitari.
1157 3773 1294 3862 Verum
1311 3790 1395 3890 quia
1412 3788 1671 3888 digressionem
1686 3787 1810 3892 secisse

413 3909 551 3998 videor,
568 3908 611 3981 ad
626 3909 748 3983 eadem
760 3909 870 3983 modo
883 3936 965 4010 quaa
980 3910 1099 3983 dimisi
1113 3927 1277 3985 vertatur
1289 3913 1428 4001 oratio,
1447 3937 1488 3984 ac
1502 3912 1686 3985 succincto
1700 3937 1810 3983 cursu

414 4031 616 4105 infidelium
630 4031 838 4120 crudelitas,
857 4033 1155 4123 transcurrendo,
1175 4053 1382 4137 peragatur,
1400 4062 1448 4109 ne
1464 4035 1645 4135 prolixior
1661 4049 1810 4107 contro·

413 4156 538 4229 versiae
555 4155 810 4230 sermocinatio
826 4155 1012 4230 fastidium
1029 4174 1177 4257 generet
1196 4159 1350 4235 delicato
1368 4159 1508 4232 lectori.

462 4279 591 4378 lgitur,
612 4293 654 4350 ut
670 4276 809 4350 dictum
826 4297 897 4367 est,
919 4278 986 4351 illis
1012 4280 1229 4363 introductis
1248 4299 1332 4355 ante
1353 4308 1476 4382 regem
1497 4298 1535 4356 et
1556 4281 1808 4380 episcoporum

413 4415 654 4489 conventum,
681 4400 784 4499 prior
803 4399 987 4474 Arelastus
1008 4429 1130 4502 regem
1152 4404 1329 4478 allocutus
1351 4422 1405 4478 est
1424 4403 1547 4478 dicens
1563 4435 1572 4475 :
1591 4434 1609 4472 a
1630 4401 1808 4491 Domine,

414 4555 432 4594 a
448 4525 498 4596 mi
517 4550 598 4611 rex,
619 4522 720 4596 miles
736 4548 817 4595 sum
831 4522 999 4597 Richardi
1010 4579 1020 4613 ,
1041 4528 1094 4598 tui
1113 4525 1306 4599 fidelissimi
1327 4528 1469 4603 comitis
1488 4524 1745 4612 Normanniae,
1770 4539 1808 4596 et

414 4646 642 4722 «inmeritus
668 4660 796 4718 teneor
816 4645 957 4717 vinctus
982 4665 1020 4721 et
1048 4665 1231 4722 catenatus
1260 4666 1343 4722 ante
1365 4665 1413 4723 te.
1442 4678 1460 4719 a
1485 4648 1550 4721 Cui
1573 4672 1638 4720 rex
1661 4646 1708 4719 ita
1727 4670 1807 4719 ms-

411 4770 566 4868 pondit:
587 4769 771 4843 «Causam
791 4768 843 4839 tui
869 4767 1043 4845 adventus
1066 4774 1140 4847 cito
1164 4771 1272 4845 nobis
1289 4769 1426 4861 indica,
1446 4788 1510 4862 ut,
1527 4797 1566 4845 ea
1583 4769 1723 4869 agnita,
1742 4780 1807 4841 aut

414 4922 433 4964 u
450 4918 533 4967 reus
550 4893 587 4966 in
605 4891 761 4966 vinculis
779 4892 950 4983 tenearis,
968 4910 1031 4968 aut
1047 4893 1240 4987 innoxius,
1257 4921 1278 4969 a
1294 4895 1448 4971 vinculis
1462 4894 1622 4984 solutus,
1642 4875 1807 4965 dimitta-
