4462 6120
753 755 789 825 S.
810 755 953 830 PETRI
979 752 1316 829 GARNOTENSIS.
1654 760 1724 829 tas

335 911 462 970 nantes
476 897 574 972 nodo
588 903 973 979 excommunicationis
986 901 1275 1002 constringentes
1289 918 1467 977 eteorum
1481 905 1637 994 animas,
1657 905 1725 978 nisi

335 1018 551 1117 resipuerint
571 1036 609 1092 et
631 1021 674 1094 ad
697 1022 950 1098 satisfactionis
970 1021 1171 1098 remedium
1195 1021 1450 1123 confugerint,
1479 1026 1517 1097 in
1541 1026 1727 1099 infernum

334 1138 571 1235 imprecantes
585 1140 674 1232 labi,
694 1170 777 1217 cum
793 1144 938 1221 diabolo
955 1147 1097 1219 veniam
1114 1160 1150 1219 et
1166 1146 1330 1245 requiem
1347 1143 1543 1220 habituras.
1563 1149 1657 1221 Huic
1672 1149 1725 1221 rei

333 1284 514 1333 assensum
535 1261 694 1364 praebuit
717 1263 928 1341 Gausfridus
949 1267 994 1342 de
1016 1265 1187 1354 Modone,
1210 1267 1275 1368 qui
1298 1293 1341 1343 eo
1365 1285 1529 1368 tempore
1546 1268 1725 1345 honorem

332 1380 526 1481 Alogiaeex
539 1385 682 1487 integro
696 1387 855 1463 tenebat.
873 1388 1113 1462 Assenserunt
1126 1389 1236 1461 etiam
1248 1388 1438 1480 Mahildis,
1455 1394 1616 1491 conjunx
1627 1394 1701 1492 ejus
1710 1445 1721 1478 ,

330 1503 613 1595 etVVillelmus,
632 1510 822 1610 privignus
834 1509 1034 1602 Gausfridi,
1046 1526 1153 1611 atque
1165 1508 1395 1603 VValterius,
1410 1511 1505 1586 filius
1515 1516 1605 1612 ejus.
1625 1511 1723 1587 Alios

332 1629 437 1698 testes
452 1627 738 1718 subscriberem,
756 1632 786 1704 si
803 1631 1028 1730 superfluum
1045 1656 1123 1705 non
1139 1629 1333 1706 videretur.
1351 1663 1372 1702 n

740 1911 1091 2002 CAPITULUM
1125 1913 1314 2003 LXVII.

732 2160 776 2218 De
797 2174 872 2220 terra
894 2161 960 2222 data
984 2183 1000 2219 a
1026 2159 1156 2220 Mahilde
1177 2173 1317 2219 matrona.

381 2412 593 2513 «Quicquid
616 2411 706 2488 boni
730 2415 870 2514 agitur,
896 2414 935 2486 in
963 2413 1072 2513 ipsius
1097 2411 1247 2487 nomine
1271 2410 1425 2512 agitura
1447 2441 1521 2514 quo
1543 2413 1655 2492 bo'mo
1678 2431 1721 2488 ut
1745 2426 1807 2476 aare
1818 2428 1923 2477 ⁸·1070-

328 2532 469 2608 bonum
481 2534 568 2607 velit
584 2536 780 2634 inspiratur
795 2551 831 2607 et
844 2532 888 2606 ad
900 2533 1079 2634 agendum
1093 2532 1260 2634 erigitur,
1276 2550 1314 2609 et
1330 2535 1495 2635 usquein
1512 2534 1622 2611 finem
1639 2563 1722 2639 per·

328 2656 549 2730 severatione
573 2655 689 2728 factus
704 2654 887 2756 perfectus
904 2656 944 2728 in
961 2671 1142 2729 aeternum
1157 2670 1426 2728 remuneratur.
1443 2660 1586 2731 Domna
1607 2659 1722 2763 igitur

327 2775 494 2849 Mahildis
506 2831 516 2865 ,
544 2804 612 2879 pro
641 2773 893 2877 redemptione
921 2777 1053 2850 animae
1078 2782 1281 2878 sumatque
1307 2778 1509 2851 animarum
1535 2781 1721 2858 seniorum

299 2940 306 2956 ι
327 2923 494 2986 suorum,
506 2896 699 2971 VVillelmi
714 2898 881 2971 videlicet
894 2914 1001 2998 atque
1015 2896 1212 2988 Gausfridi,
1229 2924 1269 2970 ac
1283 2914 1477 2998 pareutum
1489 2898 1722 3005 filiorumque

327 3044 494 3108 snorum,
512 3016 611 3091 dedit
628 3035 752 3094 sancto
770 3017 953 3094 Germano
970 3033 1125 3107 terram,
1144 3045 1248 3120 quae,
1264 3021 1365 3117 juxta
1391 3018 1546 3118 ejusdem
1564 3006 1721 3113 ecclesiae

327 3139 546 3213 cimiterium
563 3142 649 3234 sita,
668 3137 844 3213 dividitur
863 3140 940 3232 via,
964 3165 1033 3240 qua
1050 3155 1211 3241 pergunt
1226 3138 1273 3212 ab
1289 3137 1412 3214 eadem
1429 3138 1572 3214 basilica
1589 3143 1633 3216 ad
1650 3145 1721 3218 Go-

327 3262 560 3352 lummerios,
579 3279 614 3336 et
631 3260 675 3335 ab
693 3260 815 3337 eadem
833 3279 928 3335 terra
950 3262 1169 3335 terminatur
1175 3288 1187 3347 ;
1210 3275 1246 3335 et
1270 3260 1356 3333 hinc
1375 3260 1420 3334 de
1443 3261 1570 3337 Monte
1586 3260 1719 3357 Carieri

325 3403 361 3457 et
379 3376 424 3460 ab
438 3383 597 3486 Algunni
611 3385 726 3477 Villa,
741 3397 869 3484 atque,
889 3410 932 3458 ex
945 3383 1054 3458 altera
1071 3398 1194 3484 parte,
1214 3379 1258 3455 de
1274 3380 1417 3458 Ulsiaco
1435 3382 1531 3457 etde
1548 3399 1642 3457 terra
1656 3370 1721 3458 lnL

326 3511 412 3582 sulae
433 3509 535 3583 etde
559 3525 655 3582 terra
672 3507 716 3581 de
736 3506 928 3581 Balduino.
949 3507 1081 3580 Totam
1104 3504 1197 3578 hanc
1216 3519 1350 3577 terram
1370 3529 1454 3578 cum
1476 3507 1719 3606 p1·ato„sicut

326 3634 363 3704 in
380 3631 603 3707 dominicatu
620 3628 847 3718 obtinuerat,
863 3629 1002 3704 donum
1016 3653 1124 3729 super
1141 3627 1252 3701 altare
1266 3627 1379 3699 sancti
1396 3625 1568 3701 Germani
1580 3628 1715 3751 posmt.

324 3755 433 3853 Cujus
449 3754 502 3826 rei
519 3768 626 3824 testes
642 3752 829 3824 existunt.
844 3749 1036 3852 Algrinus3
1027 3748 1257 3824 ·Adelelmus
1273 3774 1314 3822 ac
1329 3746 1464 3822 Natalis
1472 3738 1715 3865 ,sacerdotem

324 3872 468 3950 Guiddo
480 3863 656 3962 Guarini,
661 3872 867 3950 Rodbertus
879 3870 1076 3947 lamberti.
1093 3872 1192 3945 Ηοο
1183 3898 1301 3972 ipsum
1314 3870 1466 3961 donum,
1482 3860 1590 3973 sicuti
1602 3888 1718 3961 mater

324 3999 478 4089 fecerat,
503 3999 553 4070 ita
573 3995 728 4072 domnus
748 3970 973 4072 VVillelinus
992 3993 1142 4069 filius
1112 4021 1246 4101 eJus
1209 3994 1366 4071 libenter
1388 3994 1578 4073 concessit.
1601 3995 1718 4095 Hujus

323 4121 374 4193 rei
394 4135 481 4191 sunt
497 4132 628 4195 testas
639 4116 877 4219 Walterius,
896 4117 1062 4218 Hugonis
1079 4116 1209 4207 frater3
1230 4115 1402 4203 Eira1dus
1417 4114 1462 4190 de
1466 4082 1588 4209 Jtpsto
1602 4118 1714 4231 Loco,

323 4240 536 4317 VValterius
552 4238 596 4312 de
612 4237 786 4313 Monberi
800 4239 896 4314 Villa
904 4292 916 4328 ,
935 4238 1144 4315 Hamelinus
1162 4238 1371 4329 Livare'cus,
1393 4237 1554 4310 Briccius
1569 4214 1719 4323 decosss

323 4363 411 4439 tesso
414 4365 547 4451 leti,
557 4356 789 4453 Gausfridus,
815 4362 921 4462 Hugo
946 4359 991 4435 de
1012 4360 1249 4493 Barzilleriis,
1275 4338 1489 4471 Rajenaidus
1511 4355 1690 4485 Gausfridi
1700 4413 1714 4450 ,

323 4482 524 4560 Bernardus
537 4483 584 4583 de
599 4483 694 4560 Villa
711 4482 864 4560 Abonis.
884 4513 905 4552 n
