4462 6120
466 743 515 810 78
987 733 1338 811 MONASTERlUM

468 858 680 986 conjugem,
696 884 975 959 hulcioluntati
990 872 1047 997 gel
1063 875 1317 958 deliberationi
1334 911 1424 990 meae
1442 884 1692 960 favorabiliter
1709 912 1867 963 consen-

468 1006 606 1098 tiendo,
622 1032 859 1096 concurrere;
874 1006 1088 1107 eosdemque
1097 1012 1207 1080 etiam
1215 1034 1359 1082 mecum
1369 1007 1511 1109 praefati
1524 1009 1596 1084 loci
1611 1010 1775 1082 Haurion
1783 1035 1865 1084 ora-
1914 1090 1927 1103 „

468 1134 619 1222 torium,
634 1135 708 1233 jam
729 1134 944 1232 praescripto
961 1129 1226 1217 xenodochion
1249 1134 1380 1204 summi
1404 1132 1587 1231 privilegii
1613 1129 1865 1232 apostolorum

465 1253 643 1353 perhenni
659 1246 819 1347 ditione,
829 1253 1034 1354 subjugasse
1048 1269 1085 1326 et
1099 1252 1324 1359 subjugando
1339 1257 1551 1330 concessisse
1557 1284 1568 1344 ;
1584 1258 1757 1331 convenit
1769 1281 1865 1357 quo·

465 1402 536 1476 que
545 1379 621 1475 jam
636 1360 852 1475 praedictdm
866 1374 980 1448 beatae
996 1375 1182 1448 memoriae
1196 1352 1365 1449 abbat‘d'em
1378 1405 1421 1451 ex
1438 1378 1510 1450 suis
1518 1374 1720 1452 'monachos
1734 1393 1864 1453 contu·

464 1499 656 1590 berniales,
666 1503 770 1600 juxta
776 1498 1016 1631 ‚professionis
1027 1523 1101 1570 suae
1113 1525 1294 1586 normam,
1311 1499 1353 1571 ad
1366 1499 1614 1573 famulandum
1624 1496 1703 1576 Ro
1715 1504 1864 1601 ejusque

465 1620 629 1697 inlibatae
647 1594 880 1757 cffims'sliuae
895 1621 1063 1721 genitrici
1077 1617 1506 1722 devotiusassistendum,
1521 1622 1661 1696 adibito
1675 1623 1863 1697 communi

465 1745 618 1819 consilio
628 1735 719 1817 fr³⁴⁴
733 1722 997 1828 'illirexisse
1012 1742 1091 1842 Ego
1101 1742 1236 1832 autem,
1248 1744 1286 1815 in
1297 1745 1572 1844 recuperatione
1585 1745 1696 1844 ipsius
1708 1743 1779 1818 loci
1789 1743 1864 1818 sire

466 1868 503 1938 in
521 1866 693 1941 alimonia
702 1840 770 1939 leb
790 1846 832 1937 b
856 1865 1032 1939 vestiariis
1050 1853 1227 1955 fratrunf,
1251 1864 1306 1937 vel
1324 1866 1553 1965 susceptione
1574 1864 1779 1966 hospitum,
1799 1890 1863 1939 seu

463 1986 687 2090 quibuslibet
701 1988 972 2062 necessitatibus
983 1989 1189 2089 explendis,
1203 2006 1316 2091 prout
1328 1989 1453 2089 potul,
1472 1988 1589 2062 eidem
1602 1984 1862 2065 monasteriolo

466 2113 502 2183 in
518 2112 794 2212 praesentiarum
806 2100 948 2186 restitui
963 2109 1251 2212 restituendique
1266 2127 1394 2184 votum
1408 2125 1532 2200 teneo,
1548 2109 1681 2217 tenebo
1694 2125 1731 2184 et
1745 2111 1861 2186 tenui.

464 2233 546 2326 Quo
555 2231 684 2306 abbate
698 2234 794 2305 intra
803 2234 983 2333 gremium
996 2231 1146 2335 placidae
1158 2232 1318 2332 regionis
1332 2249 1491 2333 recepto,
1507 2235 1618 2335 ipsius
1628 2231 1864 2310 nichilhomi-

463 2385 531 2432 nus
545 2383 799 2448 successorem,
815 2340 994 2432 domnum
1007 2355 1173 2430 videlicet
1186 2372 1222 2429 et
1238 2354 1424 2430 imitabilis
1435 2359 1520 2431 vitae
1533 2356 1745 2431 Gisbertum
1755 2354 1877 2431 abba·-

464 2500 550 2570 tem,
563 2482 715 2584 supplex
725 2510 765 2555 ac
775 2481 926 2557 devotus
936 2480 1158 2580 supplicator
1167 2481 1315 2580 expetii,
1327 2498 1494 2554 utunum
1504 2506 1548 2553 ex
1559 2481 1631 2553 suis
1642 2479 1861 2554 monachum

461 2603 709 2679 benedicendo
724 2606 761 2677 in
775 2602 952 2704 praedicto
964 2586 1166 2678 oratoriolo
1181 2600 1349 2675 abbatem
1358 2600 1608 2675 substitueret.
1622 2600 1729 2695 Quod
1740 2603 1862 2702 primo

461 2726 609 2829 quidem
620 2726 763 2815 abnuit,
783 2724 927 2829 tandem
945 2722 1140 2825 aliquando
1154 2725 1223 2796 mei
1238 2725 1348 2797 ctiam
1364 2721 1490 2798 domni
1509 2725 1669 2825 meisque
1683 2721 1864 2813 commili-

463 2867 595 2925 tonum
612 2876 760 2950 quoque
776 2875 943 2923 meorum
960 2847 1146 2952 precibus,
1168 2861 1209 2920 ut
1224 2864 1301 2920 erat
1316 2845 1507 2922 benivolus
1521 2865 1630 2950 atque
1646 2834 1860 2937 exorabilis,

462 2973 637 3063 devictus,
651 2970 879 3079 assentiendp
892 2970 993 3073 quod
1004 2971 1217 3072 suppliciter
1228 2997 1473 3061 exoraveram,
1488 2970 1647 3072 benlgne
1660 2971 1860 3072 supplevit3

462 3122 502 3169 ea
519 3095 656 3168 scilicet
671 3094 798 3168 domni
820 3078 892 3169 niel
902 3149 913 3184 ,
932 3121 991 3168 me
1007 3092 1240 3195 deprecante,
1263 3094 1491 3195 promulgata
1511 3093 1742 3180 conditione,
1769 3094 1861 3194 regii

462 3219 611 3318 insuper
630 3244 825 3293 cousensus
848 3218 1039 3292 accedente
1058 3218 1309 3304 immunitate,
1330 3215 1624 3292 conformidabili
1641 3216 1861 3317 pontificum

461 3341 780 3430 interminatione,
805 3341 952 3417 decreto
973 3367 1119 3444 quoque
1140 3357 1214 3414 tam
1233 3340 1563 3414 aecclesiasticarum
1582 3367 1693 3442 quarn
1710 3340 1861 3448 saecula-⁴

459 3466 557 3537 rium
578 3479 824 3565 potestatum,
847 3490 919 3537 una
943 3491 1026 3536 cum
1049 3466 1162 3537 totius
1180 3462 1297 3565 plebis
1317 3465 1428 3553 scito,
1452 3482 1493 3537 ut
1516 3491 1597 3562 sepe
1620 3462 1862 3549 dietusllau-

459 3576 543 3663 rion
559 3587 662 3662 locus
713 3612 748 3691 ¹o
761 3586 944 3660 tradendis
961 3583 1292 3674 benedictionibus,
1308 3585 1363 3658 vel
1378 3584 1637 3660 substituendis
1651 3584 1857 3689 abbatibus,

461 3714 498 3783 in
516 3613 853 3811 potestatdiiraefati
868 3708 1069 3801 archisterii
1087 3710 1270 3809 suppremi
1290 3709 1399 3808 apicis
1416 3694 1685 3810 apostolorum,
1701 3710 1859 3810 ejusdem
1930 3703 1931 3706 ¹

459 3831 528 3906 loci
549 3832 765 3932 provisoris,
783 3833 1041 3931 perpetualiter
1056 3847 1283 3932 permaneat,
1299 3830 1434 3932 quippe
1450 3857 1558 3932 aquo
1575 3858 1649 3908 suae
1667 3856 1860 3932 recupera-

332 4024 335 4029 .
459 3956 570 4029 tionis
589 3983 652 4030 seu
677 3956 951 4030 instaurationis
972 3981 1148 4043 summam
1175 3953 1336 4027 habetet
1360 3954 1597 4054 principium.
1620 3955 1711 4054 Sepe
1731 3953 1858 4053 scripti

458 4081 585 4182 utique
598 4081 764 4157 Haurion
779 4077 980 4154 coenobioli
995 4077 1163 4152 abbatem
1178 4080 1457 4153 carnotensium
1472 4068 1587 4181 pater,
1603 4104 1712 4178 quem
1730 4103 1859 4150 secun·

458 4204 546 4279 dum
562 4205 780 4294 decreverit,
801 4203 1033 4304 subrogando
1050 4202 1264 4292 substituat,
1285 4201 1476 4276 accedente
1499 4201 1538 4273 in
1562 4226 1678 4273 unum
1706 4202 1859 4276 aflorum

458 4327 649 4428 utriusque
663 4328 754 4416 loci,
775 4326 933 4399 fratrum
950 4351 1128 4429 consensu
1142 4325 1249 4399 simul
1264 4351 1346 4398 cum
1366 4324 1543 4399 electione
1560 4320 1717 4422 ejusdem
1736 4319 1872 4395 locent·

457 4448 657 4525 defensoris
673 4448 730 4522 vel
753 4447 937 4537 advocati}
962 4449 989 4520 si
1013 4446 1163 4552 quidem
1189 4447 1252 4520 Dei
1279 4446 1396 4521 zelum
1423 4446 1601 4544 sapuerit;
1632 4446 1705 4544 ipse
1735 4458 1858 4515 autem
1929 4471 1933 4480 ·

458 4573 646 4649 ordinatus
673 4574 709 4646 in
733 4573 927 4671 praesentia
945 4572 998 4645 sui
1017 4570 1237 4663 ordinatoris
1260 4569 1317 4646 vel
1335 4569 1469 4668 patris,
1497 4591 1574 4641 non
1599 4569 1784 4670 prioratus
1801 4561 1857 4679 vel

1813 4800 1850 4929 ἐν.

501 4907 510 4934 ¹
526 4894 753 4954 Xenodochium.
773 4898 807 4959 Α.
