4462 6120
745 749 782 818 S.
804 745 945 818 PETRI
971 739 1306 815 CARNOTENSIS.
1648 738 1718 806 253

800 894 805 901 ·
1204 862 1264 921 fl*

663 1044 686 1063 ³·
725 1000 1095 1175 carnoten
1130 968 1337 1119 xit-'vm

663 1250 681 1295 ὅ
870 1247 914 1305 De
928 1246 1014 1304 furno
1028 1234 1183 1303 Brirerdis.
1261 1262 1265 1267 ·

388 1486 406 1522 a
423 1456 464 1526 ln
482 1454 630 1526 nomine
652 1466 782 1522 sanctae
802 1465 839 1520 et
862 1446 1056 1521 individuae
1074 1432 1247 1549 Tflnll
1235 1471 1264 1517 s
1273 1498 1283 1532 ,
1305 1444 1418 1514 Patris
1437 1459 1473 1515 et
1489 1428 1569 1515 Filii
1587 1458 1624 1514 et
1640 1441 1725 1541 spi·
1750 1445 1837 1494 ΛΜΗ
1842 1444 1928 1492 ·²·¹¹⁰

339 1577 428 1648 ritus
444 1575 578 1646 Sancti.
601 1570 779 1643 Omnib'us
796 1583 928 1641 sanctae
948 1569 1012 1640 Dei
1037 1567 1217 1641 aecclesioe
1222 1534 1416 1651 lldelibus,
1444 1581 1518 1635 tam
1540 1558 1725 1663 praesentis
1773 1583 1776 1587 “

338 1722 446 1796 quam
458 1693 573 1765 futuri
589 1692 670 1776 aevi,
687 1704 820 1761 notum
832 1713 905 1760 esse
918 1688 1026 1759 tolo
1016 1712 1083 1784 ego
1096 1686 1307 1775 Landricus,
1324 1685 1418 1757 filius
1432 1684 1638 1772 Gisleberti,
1655 1711 1725 1756 una

338 1843 420 1888 cum
433 1839 546 1887 uxore
559 1840 637 1885 mea
653 1808 886 1946 Hildebu'rgi,
902 1807 984 1878 filiis
996 1822 1104 1904 atque
1122 1803 1261 1877 filiabus
1278 1806 1384 1890 meis,
1404 1807 1486 1905 quia
1500 1805 1728 1878 medietatem

338 1938 436 2009 furni
459 1937 521 2035 qui
545 1935 633 2005 situs
655 1948 708 2004 est
730 1930 867 2004 inviro
889 1926 1138 2017 Bruerolensi,
1161 1946 1270 2025 quam
1290 1925 1378 1996 olim
1398 1924 1545 2025 <pridem
1568 1924 1727 1998 Arnaldo

337 2055 516 2131 monacho
538 2082 606 2155 pro
630 2052 742 2127 XXV
769 2049 890 2125 solidis
918 2073 1155 2122 nummorum
1176 2036 1490 2134 inwadiaveram
1518 2073 1640 2135 nunc,
1668 2049 1729 2119 in-

337 2205 463 2278 quam,
490 2201 557 2275 pro
583 2174 700 2246 anima
725 2198 802 2243 mea
829 2185 865 2243 et
889 2186 1155 2242 antecessorum
1171 2192 1338 2275 meorum
1355 2184 1461 2268 atque
1484 2193 1729 2242 successorum

338 2297 544 2385 animabus,
564 2310 745 2368 annuente
763 2292 914 2366 domino
930 2318 1012 2364 meo
1026 2291 1183 2364 Warino
1200 2288 1243 2361 de
1261 2290 1350 2379 lslo,
1374 2315 1417 2361 ex
1435 2293 1535 2388 cujus
1551 2289 1729 2362 beneficio

338 2418 487 2492 eandem
511 2432 651 2516 partem
677 2415 778 2487 furni
807 2430 928 2486 tenere
953 2413 1097 2502 videor,
1123 2436 1267 2485 necnon
1284 2426 1320 2482 et
1338 2410 1516 2506 Symone,
1540 2410 1662 2485 filio
1633 2436 1727 2509 ejus,

339 2557 462 2613 sancto
475 2541 597 2624 Petro,
617 2536 862 2636 apostolorum
882 2533 1061 2633 principi,
1077 2529 1240 2631 coenobii
1258 2532 1508 2618 CarnotensiS,
1529 2532 1585 2603 cui
1601 2547 1730 2630 praeest

338 2644 551 2732 Eustachius
567 2659 694 2745 abbas,
715 2675 750 2730 ct
770 2674 893 2730 sancto
911 2646 1093 2730 Germano
1114 2657 1301 2753 concedoj
1308 2682 1369 2728 ure
1386 2671 1585 2755 perpetuo,
1606 2672 1648 2728 ut
1666 2656 1732 2728 ha-

340 2779 466 2869 beant,
484 2794 632 2852 teneant
649 2794 685 2849 et
702 2780 926 2876 possideant,
945 2777 989 2847 ab
1008 2778 1072 2848 hac
1085 2778 1194 2863 dicuin
1209 2794 1333 2868 antea,
1351 2780 1427 2850 sine
1441 2779 1513 2851 ulla
1528 2778 1731 2877 calumpnia

341 2902 452 2972 sancti
471 2901 568 2972 Petri
585 2896 858 2978 monachi.,Pro
877 2897 940 2969 hac
958 2898 1077 2995 itaque
1095 2923 1134 2968 re
1147 2926 1165 2967 a
1180 2897 1357 2969 Gaufrido
1373 2900 1566 2990 monacho,
1585 2925 1733 2999 praeno-

340 3024 438 3094 mine
450 3017 680 3111 Wiscbardo,
698 3022 727 3091 L
744 3019 877 3095 solidos
893 3045 1129 3090 nummorum
1144 3020 1281 3118 accepi3
1301 3035 1338 3090 et
1355 3045 1449 3092 uxor
1466 3046 1564 3109 mea,
1583 3024 1732 3095 nomine

340 3142 588 3241 Hildeburgis,
608 3142 796 3213 teristrum
813 3167 928 3212 uuum
944 3139 1102 3213 duorum
1118 3138 1317 3212 solidorum
1337 3139 1475 3239 filiique
1497 3142 1587 3230 mei,
1612 3143 1733 3213 lsnar-

340 3261 405 3334 dus
419 3279 455 3336 et
469 3261 657 3351 Radulfus,
673 3261 804 3358 singuli
821 3261 976 3358 singulas
991 3259 1166 3357 crepidam
1184 3285 1333 3341 necnon
1343 3276 1379 3332 et
1392 3259 1463 3332 filia
1478 3285 1556 3332 mea
1567 3259 1729 3350 Adelina,

339 3411 448 3483 quam
459 3382 539 3455 dedi
554 3381 726 3454 Rainaldo
737 3381 861 3472 militi,
876 3382 932 3451 cui
946 3382 1055 3453 etiam
1068 3379 1277 3478 praedictam
1287 3372 1387 3453 furni
1399 3399 1539 3479 partem
1550 3379 1730 3470 dederam,

341 3504 490 3575 anulum
502 3527 651 3611 aureum
660 3531 670 3588 ;
684 3502 858 3573 Warinus
873 3526 1037 3600 quoque,
1051 3499 1207 3571 domnus
1221 3527 1342 3592 meus,
1358 3502 1395 3572 X
1412 3499 1566 3592 solidos,
1586 3520 1623 3576 et
1638 3501 1733 3575 filius

342 3634 415 3724 ejus
432 3623 669 3695 tantumdem.
688 3624 758 3693 llas
774 3637 894 3692 autem
910 3621 1048 3692 litteras
1064 3621 1142 3693 fieri
1160 3622 1258 3695 volui
1279 3623 1322 3694 ad
1339 3625 1734 3723 memoriam'po'stero-

342 3728 426 3818 rum
433 3776 443 3834 ;
471 3761 577 3846 atque
595 3746 724 3819 Drocis
741 3744 955 3818 castro‘Vlll
971 3742 1137 3815 kalendas
1161 3746 1282 3844 aprilis
1299 3744 1444 3844 publice
1462 3745 1733 3822 corroborando

345 3867 552 3966 astipulavi3
583 3884 645 3959 ut,
671 3868 699 3938 si
724 3868 805 3967 quis
832 3846 994 3965 unquam
1022 3865 1194 3938 heredum
1222 3894 1388 3941 meorum
1411 3867 1465 3939 his
1489 3867 1734 3943 contradicere

346 4005 495 4063 conatus
512 3989 642 4079 fuerit,
663 4004 812 4088 cogatur
828 3989 929 4087 prius
946 3988 1032 4063 fisco
1050 3988 1144 4086 regis
1161 3990 1237 4060 auri
1257 3988 1365 4091 libras
1378 3986 1582 4087 persolvere
1598 3991 1732 4078 XXX,

345 4110 465 4184 denuo
482 4128 631 4186 conatus
641 4115 715 4209 ejus
731 4112 889 4183 inefficax
904 4093 1130 4208 permaneat,
1147 4127 1200 4197 et,
1220 4112 1247 4182 si
1267 4111 1432 4212 pertinax
1442 4111 1554 4195 luerit
1561 4166 1572 4199 ,
1592 4137 1733 4185 excom-

346 4234 601 4306 municationis
626 4232 755 4306 baculo
779 4232 948 4320 feriatur,
976 4231 1091 4307 donec
1119 4232 1313 4330 resipiscat.
1339 4234 1485 4333 Nosque
1510 4249 1546 4306 et
1571 4249 1734 4332 parentes

347 4355 478 4443 nostri,
497 4379 579 4424 cum
595 4350 732 4426 domno
747 4370 874 4428 nostro
892 4353 1070 4443 Guarino,
1089 4380 1156 4451 pro
1174 4351 1243 4425 hoe
1259 4354 1370 4445 sacto,
1389 4354 1545 4426 fratrum
1558 4357 1736 4428 orationi-

346 4475 414 4545 bus
432 4501 570 4576 semper
582 4474 654 4546 frui
673 4500 886 4548 mereamur.
908 4477 1029 4548 Testes
1045 4473 1150 4572 hujus
1167 4474 1219 4545 rei
1237 4475 1344 4545 etiam
1357 4472 1581 4547 subscribere
1599 4479 1735 4549 curavi·

231 4654 235 4660 .
348 4621 439 4667 mus.
460 4599 496 4669 S.
512 4596 635 4670 domni
652 4599 812 4696 Hugoni.
841 4596 1082 4670 S.Gisleberti
1101 4596 1144 4668 de
1163 4596 1347 4669 Tilerias¹.
1365 4599 1408 4694 a]

393 4816 520 4876 'Manca
545 4832 588 4878 est
613 4818 710 4878 charta
736 4817 806 4893 illa,
831 4818 913 4894 cujus
938 4818 1024 4875 finem
1060 4815 1125 4875 cod.
1153 4815 1197 4890 B,
1224 4815 1378 4886 librarius,
1407 4827 1471 4895 post
1497 4816 1580 4874 istam
1609 4817 1734 4876 chartam

349 4915 473 4992 reperies
502 4915 531 4973 in
559 4929 640 4995 parte
668 4915 718 4990 ll,
748 4915 802 4974 lib.
832 4914 886 4975 IV.
913 4913 948 4974 lu
972 4914 1025 4973 hoc
1060 4914 1280 4992 transcriptam,
1312 4914 1448 4994 paginam
1478 4914 1630 4994 complevit
1665 4915 1736 4973 sub-
