4462 6120
736 711 773 784 S.
794 713 937 785 PETRI
963 709 1302 785 CARNOTENSIS.
1668 715 1716 786 29

322 862 444 936 brium
461 859 732 959 scripturarum
744 860 974 935 documentis
987 861 1177 948 excitatus,
1193 884 1261 958 ego
1275 857 1442 931 videlicet
1452 858 1716 958 Regenfredus,

323 985 479 1085 gratuita
503 983 650 1057 Domini
681 982 870 1055 clementia
892 983 1125 1057 Carnotensis
1142 980 1311 1054 aecclesiae
1336 979 1482 1054 humilis
1509 983 1717 1082 episcopus,

322 1122 533 1182 sanctorum
551 1105 629 1178 loca
646 1123 783 1180 nostrae
803 1106 971 1179 aecclesiae
991 1106 1198 1204 civitatique
1215 1106 1405 1205 contigua,
1421 1105 1523 1177 malis
1541 1106 1720 1206 ingruen-

324 1229 422 1302 tibus
434 1227 572 1317 diruta,
588 1226 785 1301 reedificari
800 1227 1055 1313 desiderantes,
1072 1242 1155 1301 ante
1168 1227 1308 1326 reliqua
1321 1228 1442 1302 omnia
1457 1230 1719 1302 monasterium

324 1350 444 1424 Sancti
464 1350 583 1438 Petri,
609 1348 709 1449 quod
726 1365 890 1448 tempore
908 1348 1180 1449 praedecessoris
1200 1351 1314 1423 nostri
1339 1348 1466 1424 domni
1485 1349 1598 1451 Agani
1617 1376 1721 1425 reve-

323 1473 427 1546 rendi
444 1470 628 1572 praesulis,
650 1472 727 1569 ipso
742 1473 999 1570 praecipiente,
1018 1489 1054 1544 et
1069 1471 1225 1570 plurima
1240 1469 1334 1545 dona
1347 1470 1390 1544 ad
1404 1470 1499 1544 idem
1512 1498 1603 1573 opus
1616 1499 1721 1573 pera-

323 1593 484 1696 gendum
500 1595 690 1695 largiente,
704 1594 816 1668 Alveo
831 1621 991 1695 quoque,
1004 1593 1162 1693 ejusdem
1179 1594 1249 1668 loci
1267 1596 1480 1694 praeposito,
1493 1596 1530 1666 in
1548 1595 1719 1670 omnibus

324 1743 447 1789 curam
467 1733 608 1816 agente,
623 1730 863 1788 restauratum
881 1733 976 1803 erat;
995 1718 1032 1786 in
1051 1716 1196 1814 pristini
1217 1712 1367 1791 honoris
1384 1732 1519 1789 statum
1532 1742 1608 1818 quo
1624 1720 1723 1791 anti-

322 1841 447 1939 quitus
458 1841 623 1938 viguerat
638 1836 809 1910 reducere
826 1835 1116 1926 deliberavimus,
1131 1855 1167 1910 et
1179 1837 1470 1912 commodatibus
1486 1865 1610 1913 rerum
1627 1857 1722 1915 tem-

323 1959 1722 2064 poraliumacstipendialiumcationicosibidemDominosanctoqueapostolo
1802 2000 1806 2009 ·

324 2109 390 2158 suo
408 2084 517 2157 Petro
533 2081 747 2155 famulantes
760 2107 953 2154 munerare
968 2081 1230 2181 disposuimus,
1249 2084 1439 2181 penuriam
1455 2081 1500 2155 ab
1517 2086 1566 2158 eis
1579 2085 1723 2161 auferre

324 2205 522 2280 ambientes
539 2231 648 2305 quam
665 2205 739 2304 pati
757 2202 976 2279 videbantur
995 2205 1033 2276 in
1051 2205 1261 2277 necessitate
1279 2204 1450 2278 cotidiani
1469 2208 1599 2281 victus.
1622 2209 1723 2307 Qua-

324 2346 476 2428 propter
491 2344 623 2401 notum
639 2353 713 2401 esse
730 2326 899 2401 volumus
916 2327 1056 2399 cunctis
1075 2324 1340 2399 successoribus
1354 2329 1488 2401 nostris
1504 2345 1541 2401 et
1555 2328 1722 2403 fidelibus

324 2467 456 2524 sanctae
467 2454 530 2524 Dei
548 2451 732 2523 AEcclesiae
750 2449 991 2549 praesentibus
1004 2465 1040 2522 et
1052 2448 1201 2538 futuris,
1219 2450 1376 2550 qualiter
1388 2450 1569 2551 quandam
1587 2470 1720 2527 terram

324 2600 368 2646 ex
396 2591 525 2649 nostro
556 2573 841 2658 indominicatu,
869 2573 1018 2648 nomine
1037 2571 1285 2647 Germinionis
1302 2573 1453 2662 Villam,
1480 2577 1627 2676 ejusque
1648 2575 1722 2649 duo

324 2696 538 2795 adjacentia,
559 2694 628 2772 hoc
641 2713 714 2784 est,
730 2697 868 2769 Pleseni
879 2695 1013 2770 Villam
1029 2713 1065 2768 et
1079 2695 1295 2770 Moirollum
1304 2695 1439 2771 Villare
1456 2722 1538 2769 cum
1557 2699 1631 2770 suis
1648 2714 1723 2772 ter-

324 2819 601 2906 minationibus,
617 2821 654 2892 in
672 2846 765 2919 pago
782 2819 944 2890 Dunensi
962 2820 1088 2906 sitam,
1105 2820 1181 2916 jam
1200 2817 1286 2889 dicti
1306 2820 1516 2892 monasterii
1540 2821 1724 2894 canonicis

324 2940 499 3013 tradimus
529 2968 569 3013 ac
598 2940 795 3029 donamus,
825 2941 930 3014 etde
960 2956 1090 3014 nostro
1122 2939 1287 3013 dominio
1317 2939 1355 3011 in
1385 2967 1513 3016 eorum
1546 2941 1724 3017 ditionem

326 3061 625 3149 transfundimus,
638 3062 763 3133 usibus
775 3061 924 3136 illorum
938 3058 1180 3159 stipendiariis
1192 3060 1409 3159 delegantes,
1420 3079 1455 3136 et
1467 3066 1726 3164 perpetualiter

326 3186 396 3258 illis
410 3183 611 3258 habendam
628 3184 874 3258 decernentes.
895 3184 1078 3257 Donamus
1096 3184 1205 3256 etiam
1223 3181 1316 3270 illis,
1336 3183 1380 3257 ad
1397 3184 1542 3259 eosdem
1557 3213 1643 3260 usus
1653 3242 1663 3276 ,
1686 3189 1723 3260 in

324 3308 518 3408 ipsopago
541 3307 735 3407 eademque
758 3304 967 3405 parocchia,
1001 3304 1196 3378 aecclesiam
1225 3303 1322 3376 villae
1348 3331 1432 3405 quae
1457 3304 1592 3380 dicitur
1612 3309 1725 3382 Ursus

324 3429 470 3505 Villaris
495 3456 579 3503 cum
600 3429 748 3503 decimis
773 3445 810 3503 et
831 3431 958 3503 ceteris
978 3426 1262 3503 redibitionibus
1286 3429 1371 3501 suis.
1399 3432 1439 3503 ln
1464 3456 1557 3530 pago
1579 3457 1727 3532 quoque

325 3552 539 3627 Carnotensi
554 3550 784 3627 concedimus
797 3552 848 3624 eis
861 3552 967 3623 aliam
977 3550 1171 3623 aecclesiam
1188 3550 1228 3621 in
1241 3549 1323 3625 loco
1336 3551 1400 3651 qui
1413 3568 1567 3626 vocatur
1575 3552 1727 3629 Ymonis

325 3674 417 3749 Villa
437 3700 520 3746 cum
538 3690 622 3750 octo
640 3676 772 3747 mansis
790 3673 834 3747 de
852 3691 960 3748 terra.
981 3677 1072 3746 Item
1085 3673 1123 3745 in
1141 3671 1268 3746 eodem
1280 3700 1394 3774 pago,
1416 3676 1455 3746 in
1472 3674 1599 3751 Bodasi
1610 3674 1704 3749 Villa
1714 3732 1724 3765 ,

326 3795 508 3870 reddimus
520 3798 568 3869 eis
583 3798 731 3870 terciam
743 3798 939 3870 aecclesiam
946 3824 1056 3899 quam
1065 3795 1240 3896 praefatus
1251 3796 1382 3870 Alveus
1396 3798 1507 3898 ipsius
1515 3801 1726 3874 monasterii

327 3935 444 4007 tenet,
460 3945 502 3993 eo
517 3936 623 4017 pacto
635 3944 710 4020 quo
728 3917 891 4020 quandiu
907 3920 1041 3993 vixerit
1057 3945 1137 3992 cam
1155 3933 1294 4006 teneat,
1312 3935 1396 4018 post
1415 3920 1559 3993 obitum
1579 3947 1727 4023 quoque

327 4041 422 4113 illius
448 4043 485 4112 in
508 4068 592 4112 usus
618 4042 766 4117 illorum
789 4044 866 4116 sine
893 4042 1183 4117 contradictione
1203 4042 1354 4140 alicujus
1377 4044 1648 4118 calumniatoris
1668 4046 1724 4118 vel

326 4162 558 4263 refragatoris
571 4163 704 4237 redeat.
723 4166 765 4236 ln
779 4165 963 4240 Ginnonis
975 4191 1123 4267 quoque
1131 4165 1245 4253 Villa,
1263 4166 1300 4236 in
1315 4165 1443 4240 eodem
1455 4193 1549 4266 pago
1561 4165 1728 4241 videlicet

327 4289 538 4362 Garnotensi
548 4343 558 4377 ,
580 4288 755 4364 donamus
773 4291 822 4363 eis
839 4291 929 4364 duos
945 4316 1088 4364 mansos
1106 4288 1149 4361 de
1169 4303 1277 4362 terra.
1295 4289 1472 4362 Praeterea
1490 4289 1534 4363 ad
1547 4315 1728 4391 peragen-

327 4410 414 4483 dum
437 4409 542 4510 hujus
564 4413 679 4486 nostri
700 4410 865 4485 desiderii
888 4415 1098 4513 negotium,
1120 4410 1317 4511 perducere
1334 4413 1501 4512 cupimus
1515 4415 1671 4487 omnino
1689 4414 1725 4484 in

328 4535 539 4608 memoriam
556 4552 593 4608 et
610 4537 785 4611 noticiam
803 4536 970 4609 omnium
987 4561 1235 4610 successorum
1250 4550 1465 4610 nostrorum
1481 4535 1729 4636 reliquorum-

328 4682 398 4755 que
409 4654 542 4730 Christi
554 4657 729 4749 lidelium,
743 4657 843 4761 quod
854 4674 988 4732 terram
1000 4657 1180 4762 quandam
1190 4685 1300 4759 quam
1314 4656 1445 4732 crebro
1459 4656 1546 4729 dicti
1561 4658 1726 4732 canonici

329 4776 397 4850 sibi
413 4778 674 4871 reclamabant,
691 4798 886 4856 asserentes
903 4808 980 4856 eam
999 4810 1017 4855 a
1032 4783 1104 4856 suis
1122 4781 1429 4869 antecessoribus,
1450 4781 1578 4880 priscis
1591 4793 1730 4879 tempo·

330 4899 432 4973 ribus
448 4900 557 4977 fuisse
580 4931 775 5005 possessam
785 4960 797 4998 ,
819 4921 940 5007 postea
964 4931 1112 5007 quoque
1128 4903 1225 4979 malo
1243 4903 1373 4980 ordine
1393 4901 1461 4976 sibi
1486 4901 1728 4992 subtractam,
