4462 6120
938 709 1286 817 nouasrnaruu

829 950 874 1010 De
888 965 964 1010 terra
980 971 1044 1033 quoe
1056 963 1099 1008 est
1113 949 1144 1007 in
1158 948 1283 1007 Duatas
1293 948 1392 1037 Casia.

468 1160 522 1202 ιι.
543 1131 605 1203 Est
618 1128 668 1202 ibi
685 1128 729 1202 de
747 1146 841 1202 terra
859 1129 984 1202 arabili
1000 1127 1096 1200 unde
1112 1152 1151 1200 ιι
1168 1127 1306 1200 denarii
1325 1124 1507 1200 exiebant.

983 1349 1028 1408 De
1046 1347 1244 1411 VVudriaco.

465 1555 520 1600 12.
544 1526 682 1602 Ibidem
707 1544 784 1603 erat
802 1553 896 1600 unus
916 1517 1062 1601 mansus
1079 1528 1142 1630 qui
1166 1553 1190 1600 v
1214 1524 1348 1602 solidos
1368 1527 1407 1598 in
1425 1550 1534 1600 censu
1551 1521 1737 1597 reddebat.
1757 1519 1810 1594 De
1912 1605 1923 1619 Ι

412 1676 486 1752 quo
496 1677 621 1725 manso
630 1648 903 1752 proclamabant
912 1649 1077 1757 canonici
1089 1647 1248 1749 ejusdem
1259 1646 1445 1738 aecclesiae,
1454 1644 1553 1752 quod
1567 1640 1810 1721 illisVVenilo

412 1772 679 1847 concanonicus
689 1797 830 1860 eorum,
842 1799 911 1871 pro
926 1771 1055 1845 animae
1068 1796 1141 1845 suae
1154 1771 1329 1860 remedio,
1342 1769 1544 1872 reliquisset
1553 1768 1727 1841 moriens.
1744 1765 1811 1841 Est

413 1895 522 1968 ctiam
539 1894 589 1966 ibi
606 1872 799 1968 mansellus
816 1919 912 1967 unus
928 1894 991 1995 qui
1013 1892 1174 1967 solvebat
1187 1893 1344 1968 solidum
1357 1917 1487 1966 unum.
1742 1905 1745 1908 ’

866 2118 874 2131 ’
1000 2112 1046 2172 Dc
1063 2112 1219 2172 Cintriuco.

470 2274 523 2344 15.
539 2271 627 2343 Erat
644 2266 696 2342 ibi
713 2283 809 2340 terra
825 2265 970 2340 arabilis
988 2266 1131 2341 solvens
1147 2264 1413 2341 undenarios.

927 2487 971 2545 De
987 2484 1167 2547 Fetcterosu
1184 2486 1283 2548 Villa.

469 2651 524 2738 14.
553 2645 644 2717 Erat
665 2642 715 2715 ibi
737 2667 881 2715 mansus
903 2668 998 2713 unus
1018 2667 1130 2742 quem
1151 2638 1318 2743 quidam,
1341 2640 1458 2714 bauto
1480 2642 1650 2728 nomine,
1677 2644 1811 2718 Sancto

413 2765 521 2840 Petro
538 2763 654 2848 dadin
673 2762 769 2838 unde
787 2763 882 2837 filius
898 2767 973 2862 ejus
991 2763 1187 2836 Hermarus
1199 2761 1291 2837 duos
1304 2759 1450 2851 solidos,
1466 2762 1616 2863 singulis
1632 2765 1750 2854 annis,
1772 2766 1810 2837 in

415 2912 523 2959 censu
541 2886 712 2962 solvebat.
1376 2900 1380 2911 ‘
1768 2877 1774 2903 ‘

598 3019 600 3023 ’
859 2992 862 3005 ¹
945 3024 990 3082 De
1005 3024 1129 3083 Miconis
1148 3022 1271 3086 Vitiare.

468 3205 524 3278 15.
546 3204 705 3278 Ecclesia
724 3205 865 3277 Sanctae
881 3203 1006 3276 Mariae
1030 3198 1252 3317 Magdalenae
1270 3205 1308 3276 in
1327 3202 1653 3294 bonore'luudata,
1676 3203 1811 3282 ibidem

414 3326 623 3426 pertinebat
639 3326 682 3399 ad
699 3326 890 3399 luminaria
914 3315 1231 3428 aecclesiae'Sancti
1255 3327 1373 3415 Petri,
1399 3341 1435 3400 et
1457 3324 1616 3425 eJusdem
1641 3326 1811 3432 aecclesie

414 3447 593 3547 presbiter
608 3447 788 3535 solvebat,
806 3472 1028 3549 unoquoque
1045 3474 1166 3538 annua
1178 3473 1220 3522 ιιι
1239 3445 1385 3524 solidos.
1408 3450 1449 3521 ln
1463 3448 1585 3522 eadem
1603 3450 1685 3521 villa
1704 3449 1811 3550 Capi-

415 3572 540 3641 tiarius
560 3568 716 3642 babebat
731 3568 775 3641 de
794 3586 887 3642 terra
903 3567 1029 3641 arabili
1047 3567 1226 3646 bonuaria
1244 3597 1285 3643 ιι.

974 3813 1019 3873 De
1038 3821 1066 3871 V
1067 3815 1242 3878 Vulordone.
1364 3865 1369 3878 ,

471 3993 526 4062 16.
547 3991 656 4063 Juxta
670 3990 819 4066 eandem
834 3993 957 4065 villam
971 4010 1066 4068 terra
1079 4012 1133 4068 est
1146 3996 1269 4072 Sancti
1287 3999 1404 4090 Petri,
1420 4025 1503 4100 quae
1522 4025 1636 4071 unum
1653 3997 1808 4072 solidum

416 4113 553 4186 solebat
568 4113 735 4223 reddere3
759 4140 857 4188 nunc
873 4141 960 4189 vero
978 4117 1137 4191 llerveus
1146 4173 1158 4210 ,
1177 4122 1252 4220 ejus
1268 4118 1340 4196 loci
1359 4117 1548 4218 dominuss,
1575 4122 1647 4210 suis
1670 4118 1810 4193 viribus

417 4235 615 4328 confidens,
630 4238 695 4312 Dei
714 4239 846 4315 timore
862 4243 1079 4341 postposito,
1093 4268 1212 4345 neque
1228 4243 1376 4319 solitum
1393 4243 1549 4320 solidum
1567 4271 1685 4346 neque
1701 4243 1809 4319 ullam

418 4359 715 4434 consuetudinem
730 4363 810 4435 vult
826 4362 989 4439 reddere.

955 4584 1000 4645 De
1014 4585 1096 4646 Nido
1118 4583 1249 4648 Corbino.
1294 4560 1296 4564 λ
1404 4641 1410 4655 ,

472 4786 524 4856 ¹7·
548 4757 602 4832 lbi
622 4758 666 4833 de
687 4760 842 4862 quadflm
861 4779 968 4838 ΨΜ
979 4766 1105 4853 arabili
1123 4766 1271 4845 exibant
1288 4767 1332 4844 ad
1352 4772 1478 4849 lumen
1496 4771 1653 4847 ecclesiae
1669 4770 1807 4846 denarii

419 4891 528 4970 v111²⁰,
548 4882 592 4955 ad
608 4910 699 4984 opus
716 4884 872 4959 fratrum
887 4887 1026 4962 denarii
1045 4905 1148 4964 11110'.
