4462 6120
334 608 335 611 ¹
430 674 476 746 68
945 665 1293 742 MONASTERIUM

429 817 568 891 credito
584 830 620 890 et
639 817 679 889 in
695 829 833 887 secreto
852 814 971 913 posito
989 840 1008 886 a
1028 813 1186 888 Domino
1203 810 1447 913 reprehendar
1461 814 1560 918 qqnsi
1577 813 1682 915 piger
1697 832 1735 890 et
1748 814 1821 891 ini·
1942 843 1946 847 ·

426 965 521 1043 quus
537 964 670 1012 servus.
690 936 847 1025 Verum,
866 962 913 1009 ne
931 937 1063 1011 notarii
1081 953 1194 1009 metas
1209 934 1333 1009 videar
1350 936 1549 1036 transgredi
1569 953 1678 1039 atque
1699 935 1820 1023 hism-

427 1065 589 1136 rieorum
604 1060 713 1133 latam
725 1057 907 1159 ingrediar
923 1059 1016 1130 viam
1025 1111 1037 1147 ,
1057 1056 1131 1132 duo
1149 1071 1291 1131 tantum
1307 1059 1352 1132 de
1368 1059 1496 1133 eodem
1511 1058 1620 1137 beato
1636 1061 1820 1140 sacerdote

427 1184 598 1258 miracula
613 1183 747 1256 dicam.·
1402 1265 1406 1274 Ι
1487 1245 1509 1267 ,.

476 1308 638 1403 Quadam
658 1306 816 1406 denique
832 1303 909 1392 die,
930 1303 1016 1377 dum
1043 1330 1086 1378 ex
1107 1330 1210 1399 more
1233 1306 1272 1376 in
1289 1305 1447 1379 aecclesia
1471 1305 1575 1387 almoe
1597 1307 1724 1380 matris
1744 1307 1821 1385 Do-

425 1433 517 1505 mini
536 1429 670 1502 adesset
687 1454 772 1500 cum
789 1427 886 1500 clero
894 1480 906 1516 ,
926 1443 964 1500 et
984 1428 1139 1528 inceptae
1154 1427 1273 1499 missae
1287 1425 1397 1503 finem
1415 1428 1689 1527 prestolaretur,
1709 1425 1822 1505 coho·

427 1578 558 1628 nomus
570 1554 645 1649 ejus
658 1549 707 1623 ibi
720 1575 932 1637 accurrens,
948 1548 1094 1623 silentio
1107 1549 1139 1623 ei
1158 1550 1344 1639 nonciavit
1356 1550 1506 1649 privatae
1519 1549 1819 1629 familiariorum
1907 1635 1910 1641 ,

427 1702 503 1752 non
521 1674 638 1750 solum
658 1673 696 1745 in
712 1673 871 1772 apotecis
883 1673 958 1743 suis
975 1670 1164 1760 defecisse,
1187 1687 1240 1744 set
1254 1671 1344 1773 quid
1361 1664 1607 1773 indigentibus
1617 1673 1713 1774 ‘larg'
1760 1689 1822 1749 tur

426 1799 591 1896 poenitus
607 1821 686 1868 non
706 1791 844 1867 hateri.
865 1793 957 1866 Nam
974 1818 1053 1866 mos
1073 1792 1168 1865 beati
1191 1794 1261 1864 viri
1285 1795 1325 1865 in
1344 1794 1446 1868 omni
1464 1796 1539 1867 vita
1561 1821 1622 1868 sua
1639 1697 1821 1871 wilh

425 1946 445 1991 a
470 1919 581 1994 domo
604 1921 679 2017 ejus
701 1941 902 2016 numquam
923 1939 1060 2014 pauper
1082 1940 1213 2011 vgcuus
1234 1914 1384 1989 rediret.
1410 1915 1594 2018 Cumque,
1613 1916 1760 2017 expleto
1770 1942 1821 2005 ¹ex

337 2111 338 2114 ,
426 2043 571 2141 integro
593 2064 702 2138 opere
721 2039 809 2127 Dei,
831 2053 915 2110 ante
933 2037 1045 2130 altare
1063 2037 1126 2110 Dei
1148 2036 1336 2137 genitricis
1357 2037 1502 2126 Mariae,
1525 2037 1627 2118 flexis
1644 2010 1819 2139 genihuh,

426 2188 619 2262 parumper
641 2161 770 2233 tacitus
790 2160 989 2234 Dominum
1009 2170 1193 2261 exqraret,
1212 2161 1380 2233 muniens
1396 2186 1434 2233 se
1458 2162 1576 2234 crucis
1591 2163 1698 2262 signo
1713 2179 1821 2263 atquc

426 2311 576 2386 surgens
590 2283 636 2356 ab
647 2283 825 2370 oratione,
841 2281 993 2355 domum
1005 2278 1126 2354 rediit.
1144 2281 1230 2374 Qui,
1246 2284 1424 2357 accercito
1437 2268 1660 2374 echonomo,
1673 2314 1693 2354 u
1706 2282 1818 2377 Vade,

426 2410 560 2509 inquit,
572 2407 669 2507 aperi
678 2403 789 2485 michi
804 2429 930 2477 omnes
938 2403 1068 2492 domus
1077 2401 1280 2503 apothecas.
1292 2433 1310 2474 o
1323 2403 1413 2498 Quae
1421 2423 1465 2478 ut
1474 2421 1607 2513 apertae
1616 2406 1821 2513 suntatqne

426 2531 472 2603 ab
488 2556 532 2604 eo
549 2531 654 2629 signo
673 2527 790 2599 crucis
813 2527 985 2626 signatae,
1009 2522 1113 2616 ilico‘,
1133 2527 1313 2604 Creatoris
1329 2544 1443 2618 nutu,
1464 2529 1514 2602 ita
1533 2528 1704 2636 suern
1724 2535 1813 2646 ᾖ)

427 2655 583 2733 inventae
595 2651 705 2750 quasi
731 2676 750 2720 a
770 2650 927 2748 presenti
946 2664 1122 2722 autunto¹
1146 2647 1300 2722 fuissent
1319 2632 1501 2761 inpletur,
1514 2652 1595 2723 stati
1607 2685 1624 2714 c
1644 2688 1648 2703 ‚
1693 2642 1827 2749 [ᾗ]

425 2800 556 2848 vocans
567 2770 823 2857 echonomum,
841 2769 967 2857 «Noli,
984 2771 1118 2870 inquit,
1131 2796 1204 2844 esse
1217 2752 1591 2846 in‘dandosollicitns:
1731 2772 1823 2862 ,as-s

425 2897 524 2968 enim
536 2896 652 2972 Deum
669 2891 785 2964 nichil
805 2891 921 2978 deest,
941 2908 994 2964 set
1015 2891 1165 2992 largiter
1180 2919 1264 2994 quae
1279 2896 1391 2993 gratis
1410 2896 1590 2970 Dominus
1611 2878 1735 2985 nohis,

425 3017 610 3104 catoribns
626 3016 749 3115 largiri
766 3014 1019 3115 dignatusest,
1040 3002 1209 3090 manibvis
1225 3007 1595 3154 pauperumqepode.
1616 3018 1657 3119 N·
1725 3020 1730 3031 ⁴
1751 3012 1761 3029 ”
1775 3002 1793 3011 ⁸⁸
1826 3084 1829 3093 .

424 3141 501 3215 haec
518 3140 687 3214 deficient
708 3137 824 3246 donec
835 3193 846 3228 ,
875 3163 974 3212 novo
995 3165 1093 3214 auno
1118 3138 1311 3230 redeunte,
1331 3142 1438 3216 novis‘
1457 3142 1647 3241 superveni

423 3281 543 3339 vetera
553 3263 733 3364 projicies.
744 3289 762 3330 n
779 3263 821 3334 ln
834 3287 908 3361 quo
923 3260 1020 3336 facto
1034 3261 1130 3335 illius
1146 3252 1337 3366 prophetea
1348 3289 1426 3338 non
1440 3264 1560 3363 impar
1571 3289 1646 3338 csse

422 3388 484 3487 qui
500 3384 673 3460 lechitum
682 3384 752 3459 olei
765 3410 805 3456 ac
816 3382 1138 3484 pugillumfarinae
1146 3383 1316 3485 praedirlt
1328 3411 1406 3460 nou
1412 3386 1529 3460 minui
1539 3440 1551 3475 ,
1560 3384 1678 3459 donec
1684 3383 1824 3491 infun-r

421 3507 522 3583 deret
535 3509 714 3584 Dominus
727 3533 827 3579 suam
840 3502 1133 3580 benedictionem
1146 3533 1255 3608 super
1267 3518 1436 3582 terrant
1453 3510 1585 3582 Denuo
1599 3534 1719 3583 eomes
1733 3508 1820 3584 civi·

423 3632 505 3705 tatis
522 3631 601 3706 Odo
610 3685 622 3720 ,
641 3630 752 3729 longe
771 3632 911 3730 lateque
927 3629 1206 3721 famosissimus,
1231 3629 1492 3733 dumflquadam
1510 3633 1588 3706 vice
1600 3647 1697 3715 ¹esset
1712 3642 1820 3731 pran-

422 3778 526 3826 surus
551 3770 589 3826 et
610 3749 834 3852 a'pincernis
855 3777 921 3852 per
946 3752 1104 3852 opidum·
1122 3752 1307 3828 obtimum
1329 3755 1456 3832 vinnm
1484 3755 1554 3827 sibi
1581 3769 1816 3855 quereretur,

421 3874 626 3949 didicerunt
642 3901 660 3947 a
678 3871 895 3979 quibusdam
911 3874 1011 3975 qnod
1030 3877 1069 3947 in
1088 3876 1234 3952 cellario
1254 3875 1350 3978 beati
1372 3876 1560 3951 siemundi
1579 3863 1841 3952 honorarium·

370 4021 373 4029 ¹
421 3999 547 4070 vinum
564 3997 848 4072 venundaretur.
874 3997 945 4090 Qui
970 3995 1100 4098 gaudio
1118 3999 1248 4097 repleti
1271 3999 1315 4072 ad
1330 3999 1483 4073 domum
1499 4000 1570 4072 viri
1587 3999 1700 4101 sancti
1718 4023 1820 4096 pnn-

421 4136 519 4228 petes
536 4107 713 4210 currunt,
732 4147 891 4222 ausuque
916 4122 1108 4196 temerario
1129 4121 1319 4196 cellarium
1343 4123 1503 4210 intrant3
1528 4137 1705 4220 atquecx
1730 4121 1818 4205 vino

421 4258 519 4315 utres
540 4270 666 4318 omnes
692 4245 844 4343 implere
866 4244 1086 4329 accelerant,
1115 4261 1153 4318 ct
1180 4244 1349 4344 impletos
1377 4240 1421 4316 ad
1448 4245 1587 4316 curiam
1612 4256 1815 4342 reportant.

421 4369 562 4439 Interea
584 4367 642 4437 vir
658 4366 722 4439 Dei
746 4365 792 4438 ab
816 4365 974 4438 aecclesia
996 4366 1215 4464 regreditur.
1238 4368 1403 4466 Cumque
1420 4365 1536 4439 adhuc
1557 4341 1818 4465 pincernarum

420 4490 642 4590 magisterio
657 4487 804 4578 cellario
817 4479 901 4561 cum
912 4486 1130 4588 quibusdam
1143 4487 1297 4580 adesset,
1313 4487 1501 4564 homiuem
1512 4488 1578 4561 Dei
1594 4488 1668 4561 illic
1682 4488 1820 4562 innan-

421 4628 496 4685 tem
510 4609 763 4686 subsannando
781 4612 1009 4710 interrogans
1024 4608 1105 4687 infit
1121 4641 1131 4682 ι
1150 4612 1358 4703 «Domine,
1377 4611 1436 4685 dic
1448 4608 1561 4684 michi
1577 4609 1673 4684 istud
1688 4611 1817 4685 vinum

466 4882 474 4906 ¹
493 4871 515 4931 Β
534 4895 542 4930 ε
558 4888 704 4932 outzrmno.
1180 4875 1296 4958 'lleg.,
1313 4874 1333 4932 l.
1352 4871 1418 4946 lll,
1434 4897 1459 4932 c.
1482 4895 1530 4957 17,
1546 4872 1585 4955 §§
1612 4893 1664 4945 12,
1686 4871 1738 4951 14,
1759 4871 1804 4945 16.
