4462 6120
471 708 543 776 210
996 699 1341 775 MONASTERIUM

470 848 571 940 dius,
595 847 743 935 fratrem
763 844 994 936 Gunbaldus,
1012 847 1246 936 Laurentius3
1271 847 1508 938 lsembertus,
1533 848 1629 921 filius
1655 846 1859 938 Goscelini3

468 967 709 1058 Fulchardus3
735 966 915 1043 Ernulfus
939 985 977 1042 et
1002 967 1216 1057 Rainaldus,
1246 968 1342 1041 filius
1367 973 1460 1069 ejus;
1492 967 1722 1059 Rodbertus,
1745 968 1861 1043 frater

468 1090 666 1166 Frodelini.
687 1122 704 1159 n

838 1227 1196 1319 CAPITULUM
1228 1227 1495 1317 LXXXVI.

878 1475 921 1532 De
932 1475 1024 1533 vineis
1034 1495 1107 1554 quas
1116 1476 1186 1533 emit
1200 1473 1285 1535 Berts
1300 1476 1454 1535 comitissa.

265 1702 292 1748 ¹²
307 1703 360 1748 mi
376 1703 444 1752 ¹⁰⁸⁹·
521 1735 539 1771 a
560 1701 699 1775 Notum
712 1704 759 1776 sit
771 1702 962 1792 omnibus,
981 1702 1081 1803 quod
1099 1702 1268 1802 quasdam
1283 1705 1404 1776 vineas
1421 1700 1615 1791 Radulfus,
1633 1704 1861 1801 praenomine

471 1824 654 1911 Calculus,
672 1826 711 1896 in
725 1826 913 1899 territorio
928 1827 1091 1913 comitis,
1109 1852 1154 1898 ex
1167 1827 1345 1900 beneficio
1359 1844 1488 1901 nostro
1502 1841 1648 1914 lenens,
1668 1824 1860 1901 nobiscum

471 1945 729 2021 tradicentibus
741 1947 884 2024 comit-is
897 1945 1071 2020 'l'edbaldi
1084 1948 1222 2040 sorori,
1238 1950 1388 2022 nomine
1399 1948 1506 2022 Berte
1521 1958 1545 2037 ¹,
1559 1945 1715 2020 vendere
1726 1946 1858 2022 voluit.

468 2068 624 2155 Verum,
654 2071 737 2168 quia
760 2070 811 2141 sas
835 2097 911 2145 non
927 2087 1023 2159 erat,
1047 2070 1134 2143 adiit
1154 2071 1318 2143 bandrici
1337 2069 1476 2143 abbatis
1495 2071 1724 2170 presentiam
1745 2068 1862 2143 comi-

470 2194 565 2282 tissa,
579 2208 621 2263 ut
633 2218 676 2266 eo
691 2210 797 2291 pacto
811 2192 877 2265 sibi
891 2193 1144 2281 concederent,
1160 2210 1216 2282 ut,
1230 2193 1392 2294 quandiu
1403 2194 1552 2280 viveret,
1568 2218 1624 2265 eas
1635 2207 1787 2278 teneret,
1804 2216 1857 2277 ac,

468 2331 549 2410 post
565 2332 722 2387 mortem
737 2318 830 2412 ejus,
845 2313 951 2387 nobis
967 2313 1180 2388 dimitteret.
1197 2314 1304 2408 Quod
1321 2329 1466 2415 pactum
1478 2331 1600 2415 postea
1614 2331 1697 2386 ante
1709 2311 1860 2384 fratrem

467 2461 573 2507 suum
595 2443 764 2510 comitem
783 2436 1000 2510 'l'ctbaldum
1018 2464 1297 2538 recognoscens,
1322 2442 1467 2536 etjam,
1487 2462 1552 2535 per
1568 2436 1859 2535 deprecationem

467 2558 622 2656 ejusdem
646 2558 788 2648 fratris,
812 2559 989 2647 firmavit,
1013 2587 1081 2659 pro
1108 2563 1225 2632 anima
1251 2560 1380 2659 patris,
1406 2560 1551 2647 matris,
1570 2558 1692 2631 fratris
1708 2575 1745 2631 ct
1761 2583 1857 2642 suae,

467 2681 530 2749 llll
548 2678 625 2750 idus
639 2681 743 2766 maii,
763 2678 999 2778 praesentibus
1015 2680 1068 2751 his
1084 2712 1092 2750 ε
1108 2683 1338 2754 Gualeranno
1354 2679 1546 2769 monacho,
1563 2679 1716 2753 0tberto
1732 2704 1861 2752 mona-

467 2799 554 2887 cbo,
573 2800 765 2874 Gaussrido
783 2800 827 2875 de
843 2799 969 2874 Calido
984 2802 1128 2886 Monte3
1154 2802 1309 2876 Girardo
1318 2857 1332 2893 ,
1350 2828 1555 2900 coquorum
1570 2803 1763 2901 magistr03
1784 2801 1860 2871 Ra-

465 2921 572 2995 dulfo
597 2924 806 3019 praeposito.
836 2923 969 2993 Actum
996 2923 1162 2996 Carnotis
1189 2923 1355 3022 publice,
1377 2924 1472 2995 inter
1497 2925 1630 2995 turrim
1655 2939 1691 2994 et
1716 2938 1861 3021 portam

466 3044 688 3130 cinerosam,
707 3044 744 3115 in
760 3069 897 3117 camera
909 3045 1115 3133 comitissae,
1131 3043 1175 3118 de
1187 3071 1259 3144 qua
1275 3072 1393 3120 sermo
1411 3062 1464 3118 est
1472 3073 1484 3130 ;
1501 3070 1544 3118 eo
1563 3071 1660 3118 anno
1675 3069 1750 3144 quo
1767 3043 1861 3119 llod·

464 3165 589 3238 bertus
616 3191 764 3264 peregre
786 3166 972 3265 episcopus
996 3165 1112 3253 obiit;
1143 3184 1230 3240 tunc
1255 3168 1363 3241 etiam
1393 3168 1470 3240 sine
1496 3167 1665 3267 episcopo
1688 3165 1799 3250 tube,
1823 3179 1861 3237 et

464 3287 552 3360 dum
568 3289 705 3361 viveret
722 3288 923 3375 Hubertus,
945 3288 1053 3361 abbas
1072 3317 1090 3362 a
1108 3289 1215 3363 nobis
1232 3290 1378 3364 electus.
1399 3321 1417 3359 n

513 3408 694 3483 Ponendae
711 3428 797 3483 sunt
815 3410 873 3483 bic
889 3410 1014 3484 domni
1030 3411 1184 3485 liuberti
1203 3428 1384 3486 cartarum
1395 3425 1520 3501 metae,
1535 3411 1730 3512 quoniam,
1748 3410 1859 3484 flante

467 3549 575 3604 vento
591 3534 786 3633 nequitiae,
801 3549 838 3605 et
851 3536 1037 3633 quatiente
1049 3535 1251 3612 dolositatis
1265 3537 1432 3624 turbine,
1449 3535 1525 3610 fere
1541 3558 1668 3611 omncs
1680 3534 1736 3606 sui
1753 3531 1797 3606 ab
1814 3560 1858 3606 eo

464 3652 628 3741 alienati,
645 3655 885 3728 inextricabili
905 3657 1004 3732 nodo
1020 3660 1281 3747 constrictum,
1297 3659 1341 3732 ab
1359 3659 1499 3754 bonore
1512 3656 1691 3730 violenter
1702 3656 1856 3743 eitiunt3

465 3790 572 3874 atque
588 3775 848 3851 Teodericum²
867 3777 1191 3870 Vindocinensem,
1212 3781 1300 3855 loco
1314 3784 1409 3878 ejus,
1435 3779 1481 3852 ab
1506 3776 1662 3853 Arraldo
1682 3777 1856 3876 presule,

467 3897 598 3981 velint,
622 3900 762 3986 nolint,
785 3901 997 4000 suscipiunt.
1023 3901 1092 3993 Qui
1112 3902 1230 3975 solum
1246 3901 1381 4002 regulae
1399 3902 1564 4001 vigorem
1581 3902 1762 3985 retinens,
1791 3925 1859 3972 ex-

466 4022 673 4095 terminarit
686 4023 862 4120 plurimos
875 4052 1002 4100 eorum
1013 4026 1077 4127 qui
1093 4043 1353 4100 antecessorem
1366 4051 1472 4098 suum
1485 4024 1645 4098 fecerant
1657 4035 1855 4096 extorrem.

465 4143 532 4214 Hic
543 4143 720 4245 denique,
738 4147 774 4218 in
790 4173 855 4226 suo
868 4175 942 4247 quo
955 4148 1045 4220 vixit
1059 4165 1242 4246 tempore,
1258 4149 1297 4220 in
1311 4147 1443 4222 exteris
1457 4146 1565 4219 rebus
1579 4143 1737 4217 multum
1751 4141 1855 4226 ebes,

466 4266 526 4335 vix
545 4291 654 4338 unam
668 4269 840 4341 cartulam
855 4296 968 4370 usque
981 4296 1100 4356 nunc,
1116 4269 1223 4342 nobis
1235 4272 1356 4342 minus
1369 4268 1589 4368 proficuam,
1605 4266 1760 4364 posteris
1773 4264 1858 4338 reli-

511 4508 515 4530 ¹
533 4500 654 4576 Bertba,
670 4526 742 4564 uxor
756 4507 866 4565 comitis
882 4506 1054 4578 Britannia,
1068 4507 1140 4569 ΔΙΑ-
1175 4509 1388 4590 quoHubertus
1398 4507 1487 4568 abbas
1497 4506 1606 4567 electus
1619 4517 1673 4577 est,
1685 4506 1706 4563 i.
1718 4524 1747 4562 e.
1764 4499 1854 4584 1069.

465 4597 494 4653 ni
507 4596 547 4664 V,
559 4618 694 4680 sororque
704 4601 868 4662 Theobaldi
879 4601 944 4676 ΠΙ,
959 4602 1141 4663 Carnotensis
1218 4609 1379 4683 'ductores
1398 4605 1481 4664 Gall.
1499 4601 1605 4662 Christ.
1622 4600 1700 4660 hunc
1717 4597 1856 4658 Theode-

465 4696 596 4767 comitis,
625 4697 699 4756 banc
728 4699 855 4760 chartam
879 4699 958 4760 dedit
984 4722 1061 4760 anno
1084 4724 1142 4782 quo
1175 4706 1268 4764 ricum
1287 4705 1361 4764 inter
1379 4702 1496 4763 abbntes
1514 4699 1610 4760 Sancti
1632 4697 1708 4757 Petri
1728 4717 1785 4756 non
1807 4695 1856 4752 in-

466 4788 625 4852 bandricus
650 4795 738 4855 abbas
759 4809 788 4856 et
813 4797 974 4858 llodbettus
993 4800 1143 4878 episeopus
1177 4804 1361 4882 seripserunt.
1415 4879 1417 4883 Α

465 4887 614 4963 obierunt,
629 4891 799 4974 elonque,
815 4915 870 4955 nec
881 4908 977 4959 tamen
989 4895 1142 4976 completo,
