4462 6120
732 759 769 834 a.
791 754 934 831 earn
960 749 1298 833 cantoransrs.
1375 715 1377 720 ⁸
1605 719 1608 724 ’
1670 751 1717 818 ιι

561 1033 564 1048 ’
655 1156 658 1161 ⁴
726 1051 1316 1207 'cnrrrununflgtvnn

366 1339 410 1401 De
431 1342 496 1400 loco
516 1346 566 1422 qui
586 1342 693 1400 Antion
706 1384 715 1415 ,
730 1338 817 1421 vulgo
837 1357 912 1399 vero.
926 1334 1042 1410 Evron,
1060 1333 1126 1394 dato
1142 1332 1246 1392 Sancto
1262 1332 1346 1391 Petro
1361 1331 1582 1415 inspbjectione
1596 1344 1689 1412 atque

776 1441 1124 1504 abbatibns⁴Carnotensis
1137 1439 1271 1498 coenobii.
1382 1460 1383 1465 ¹

1372 1600 1441 1681 -rl',
1434 1618 1516 1685 ’.ἐιι

378 1699 539 1773 «Mundi
558 1700 758 1773 terminum
773 1698 1011 1798 omniumque
1026 1723 1121 1815 quae
1127 1662 1237 1795 ipsius
1254 1690 1790 1821 compagffiffintmentur
1749 1756 1800 1802 m
1802 1754 1887 1801 0985

325 1836 596 1914 evanescentem
617 1822 808 1894 imminere
828 1820 1022 1893 transitum
1045 1814 1276 1892 continuatio
1295 1796 1557 1918 multiplicium
1574 1835 1724 1894 attesta-

325 1960 388 2018 tm
404 1946 606 2046 signorum.
626 1943 802 2018 Nemini
794 1959 915 2043 itaque
932 1939 1174 2014 differendum
1193 1965 1255 2013 seu
1272 1941 1633 2040 procrastinandum,
1641 1970 1724 2057 pe-

324 2067 431 2154 mini,
451 2065 540 2138 dum
555 2083 675 2154 vacat,
691 2063 735 2138 d'e
749 2065 909 2165 propriae
927 2062 1050 2134 salutis
1064 2060 1293 2136 acceleranda
1306 2064 1543 2138 conversione
1556 2062 1725 2137 dissimu—

324 2186 522 2289 landum,
514 2212 627 2261 immo
643 2186 689 2260 de
711 2186 838 2261 inolita
854 2185 1081 2286 benignitate
1103 2183 1313 2259 Conditoris
1332 2187 1449 2262 nostri
1469 2185 1724 2262 miserabiliter

325 2280 571 2384 diffidendum.
592 2312 771 2404 Quocirca
790 2309 1001 2383 universalis
1021 2307 1277 2382 eecclesiaedlei
1296 2335 1442 2407 presens
1465 2311 1592 2410 utique
1610 2337 1724 2387 necne

324 2435 449 2509 futura
461 2464 527 2538 per
540 2422 764 2510 succedentl's
777 2434 844 2507 aevi
857 2434 1138 2534 perpetuitatem
1153 2431 1389 2534 perpenderit
1399 2430 1548 2523 milicia,
1565 2436 1723 2536 qualiter

325 2556 382 2631 vel
395 2556 530 2659 quibus
542 2556 775 2631 facultatibus
766 2581 856 2657 ego
876 2554 1046 2656 indignus
1058 2554 1278 2643 Rodbertns,
1295 2555 1501 2656 perlascivis
1513 2555 1656 2630 actibus
1668 2556 1725 2632 ad·

325 2678 475 2799 modum
494 2678 705 2780 implicitus,
722 2706 791 2778 pro
807 2678 1039 2778 ademptione
1054 2680 1245 2778 culparum
1258 2705 1321 2751 seu
1338 2678 1530 2781 adeptione
1548 2683 1725 2781 praemio·

324 2828 479 2946 W?
416 2766 544 2875 intra
562 2802 713 2878 locum
704 2829 742 2874 ιιι
762 2801 902 2876 honore
915 2818 1101 2902 perpetuae
1113 2801 1276 2904 Virginis
1290 2828 1330 2873 ac
1343 2803 1527 2940 praecelsae
1539 2805 1604 2877 Dei
1620 2807 1725 2906 geni·

327 2922 427 2995 tricis
451 2910 714 3014 dedicatum,
706 2950 743 2994 ιιι
762 2924 1028 2998 Cinomannico
1045 2949 1137 3023 pago
1156 2924 1285 3009 situm,
1308 2925 1372 3023 qui
1397 2922 1532 2997 dicitur
1556 2922 1722 3018 Aurion,

327 3045 435 3145 vulgo
455 3060 572 3117 tamen
594 3059 828 3142 noncupante
845 3044 993 3131 Evron,
1012 3069 1122 3143 quem
1139 3069 1182 3116 cx
1202 3042 1382 3119 beneficio
1400 3047 1553 3122 senioris
1572 3048 1643 3122 mei
1662 3076 1725 3126 eo-

326 3168 426 3239 mitis
441 3166 591 3255 Odonis,
608 3175 692 3238 cum
708 3165 786 3238 aliis
802 3163 921 3238 multo
934 3164 1187 3264 amplioribus,
1210 3179 1333 3238 tenere
1348 3164 1486 3256 videor,
1506 3184 1549 3239 ut
1562 3168 1607 3241 ab
1625 3174 1726 3243 ariti-

326 3290 447 3391 quion
438 3287 601 3378 suerat,
621 3287 881 3363 monasterium
907 3284 996 3360 inibi
1014 3289 1109 3373 Deo,
1127 3272 1362 3386 magistrante
1384 3304 1487 3386 patre
1503 3290 1723 3380 Benediceo,

326 3412 581 3499 servientium,
597 3402 848 3497 deliberando,
868 3436 940 3510 pro
949 3407 1106 3496 vrrrbus
1125 3409 1290 3507 propicia
1306 3408 1514 3527 divinitate,
1532 3408 1726 3486 desudave-

327 3535 411 3607 rim.
419 3522 524 3607 Dum
536 3533 635 3605 haec'
627 3534 740 3633 igitur
753 3558 896 3606 mecum
910 3532 1064 3607 sollicita
1076 3547 1199 3604 mente
1211 3504 1444 3606 deliberando
1460 3532 1723 3633 pervolverem,

326 3654 546 3755 revolvendo
565 3649 822 3741 deliberarem,
842 3669 949 3753 atque
968 3650 1031 3723 id
1024 3678 1140 3750 ipsum
1158 3651 1274 3724 effici
1260 3666 1363 3750 Juxta
1381 3679 1438 3725 vrr
1519 3656 1728 3754 roprietatis

322 3747 549 3877 impossibile
577 3775 657 3851 fore
684 3775 936 3861 decernerem,
966 3773 1229 3848 monasterium
1257 3676 1728 3879 beatorumebopostolorum

327 3903 424 3976 Petri
442 3917 478 3975 et
496 3901 615 3992 Pauli,
635 3902 673 3973 in
690 3897 899 3972 suburbana
911 3898 1258 3988 Carnotinaeurbis,
1274 3899 1506 3999 speculativae
1519 3903 1605 3976 vitae
1621 3904 1728 3975 insti-

328 4027 417 4097 tuti's
434 4024 635 4097 divinitus
627 4032 874 4097 innormatum
884 4049 1025 4123 ,opere
1039 4024 1199 4122 pretium
1212 4022 1298 4109 duxi
1312 4022 1443 4096 festine
1461 4049 1501 4096 ac
1516 4025 1728 4159 suppliciter

199 4125 205 4134 .
329 4145 590 4271 expetendum
611 4144 841 4246 ejusdemque
858 4143 1079 4233 archisterii,
1099 4146 1162 4247 qui
1182 4162 1270 4217 tunc
1283 4160 1456 4245 praeerat
1478 4146 1591 4246 magis
1607 4162 1727 4223 tamen

329 4226 512 4368 proderat,
526 4267 647 4340 abbati
657 4285 694 4340 et
707 4294 903 4367 provisori
915 4268 1053 4342 domno
1063 4267 1627 4368 utrqneVVrbertovenerabrlr,
1619 4296 1727 4370 rpsrus

329 4412 475 4486 quoque
492 4383 668 4457 fratribus
688 4382 822 4457 ibidem
841 4385 1006 4459 alacriter
1022 4383 1266 4486 agoniaando,
1285 4384 1361 4460 Deo
1380 4412 1455 4460 non
1478 4384 1546 4458 sibi
1569 4387 1728 4460 viventi-

329 4504 411 4597 bus,
427 4509 497 4580 mei
508 4492 816 4603 aniinidiutinum
828 4524 937 4610 atque
950 4509 1173 4582 votivum'ex
1188 4508 1319 4583 intimo
1332 4506 1484 4609 patefeci
1499 4506 1729 4582 desiderium.

331 4627 557 4728 Complacuit
578 4654 665 4729 ergo
685 4643 823 4703 aeterno
841 4645 878 4702 et
893 4628 1182 4704 incommutabili
1197 4630 1461 4730 omnipotentis
1475 4631 1624 4704 Domini
1641 4657 1728 4706 nos-
1783 4676 1785 4680 >

333 4749 381 4821 tri
395 4747 504 4823 Jhesu
518 4748 652 4823 Chrrstr
663 4750 817 4827 consilio
830 4751 1023 4833 dominum
1036 4778 1161 4825 meum
1168 4754 1317 4853 ‚utique
1331 4751 1509 4842 Odonem,
1526 4751 1633 4824 simul
1644 4780 1727 4827 curn
1847 4841 1853 4855 ,

332 4850 394 4950 fllia
411 4891 526 4949 matre
543 4874 743 4975 Ledgarde,
763 4877 971 4997 pariterque
987 4875 1174 4953 dominam
1189 4903 1305 4952 meam
1321 4877 1390 4950 Ber
1392 4893 1483 4966 tam,
1501 4877 1611 4976 ipsius
1626 4904 1727 4979 teque
