4426 6120
406 741 478 809 2l8
923 735 1271 816 MonnsututltJM
1291 728 1295 737 ’

400 886 537 957 altare
529 886 637 984 ipsius
653 885 835 984 posuit,
813 886 851 956 in
876 883 1019 958 ocubas
1042 887 1291 1011 apostolorum
1308 885 1475 961 videlicet
1499 887 1595 960 Petri
1621 901 1659 960 et
1674 888 1800 974 Pauli,-

402 1033 446 1080 eo
462 1006 609 1107 quidem
627 1024 774 1096 tenore,
797 1023 861 1094 ut,
887 1008 980 1080 sinat
997 1000 1071 1108 ipse
1059 1004 1131 1081 ab
1150 974 1435 1085 antecesabribus
1455 1010 1528 1084 suis
1546 1009 1641 1123 ipsas
1653 1012 1685 1086 V
1702 1010 1799 1084 olcas

402 1128 515 1202 libere
532 1145 721 1217 tenuerat,
745 1131 793 1201 ita
811 1145 848 1202 et
865 1113 1061 1229 supradieti
1078 1133 1265 1223 monachi,
1285 1133 1420 1234 absque
1437 1111 1546 1206 ullius
1565 1130 1748 1206 hominis
1740 1144 1800 1205 ιιιὲ

402 1249 631 1352 quietudine,
652 1249 825 1338 habeant,
845 1251 1071 1355 possideant,
1097 1255 1278 1343 incolent,
1301 1256 1359 1337 rel
1375 1253 1554 1357 quicquid
1581 1254 1664 1328 inde
1681 1254 1800 1328 facere

404 1375 587 1448 voluerint
610 1373 754 1446 faciant.
780 1375 816 1446 Si
843 1375 925 1473 quis
949 1392 1011 1459 aut
995 1370 1070 1459 tem
1095 1403 1245 1449 auorum
1270 1366 1443 1450 heredum
1469 1376 1527 1450 rel
1551 1376 1641 1450 alius
1669 1377 1800 1477 aliquis

405 1497 510 1595 hujus
526 1523 598 1568 suae
620 1496 822 1596 largitionis
844 1495 983 1571 donum
1002 1500 1182 1572 contraire
1201 1494 1376 1588 vomeris,
1395 1526 1479 1573 eum
1494 1497 1635 1571 Datban
1653 1515 1690 1572 et
1705 1496 1799 1577 Abi-,-

404 1645 495 1706 ron,
486 1616 791 1691 damnationem
783 1645 820 1691 tn
831 1619 978 1695 inferno
989 1622 1153 1721 accipiat,
1166 1623 1235 1694 nisi
1246 1622 1438 1741 resipuerit
1447 1637 1484 1694 et
1493 1619 1536 1694 ad
1547 1619 1799 1694 satisfactionis

405 1740 605 1813 remedium
622 1740 842 1840 confugerit
863 1744 986 1815 Testes
1002 1771 1045 1817 ex
1062 1759 1185 1818 nostra
1201 1761 1304 1843 parte
1321 1742 1474 1818 fuerunt
1489 1742 1566 1816 hiis
1552 1741 1798 1830 -Gaussridus

406 1890 536 1952 cocus,
568 1862 749 1936 Jobannes
774 1866 930 1961 janit0r3
955 1866 1113 1957 llerteus
1139 1885 1175 1940 et
1200 1865 1410 1955 limandus,
1439 1866 1558 1954 fabri,
1548 1834 1802 1951 Ntedunis,

406 1985 565 2058 Gaudius
594 2003 630 2058 et
660 1984 883 2074 Harduinus,
912 1987 1040 2061 fratres
1050 2017 1060 2076 ;
1092 1991 1305 2063 Laurentius
1331 1989 1590 2078 cubicularius,
1622 1989 1799 2061 [nunnus

407 2110 548 2206 auriga,
570 2107 769 2181 Adventius
786 2107 936 2207 Sophia,
956 2108 1225 2209 En‘gelbaudus,
1242 2109 1475 2186 Gistabertua.
1498 2141 1517 2180 u

819 2343 1183 2436 CAPITULUM
1220 2348 1392 2437 XCIV.

869 2544 912 2603 De
928 2546 1052 2604 aecelesia
1066 2545 1249 2627 Speltereolis
1263 2545 1347 2605 villae.

205 2733 296 2778 Antea
313 2729 380 2777 ¹⁰⁸0·
459 2750 476 2787 a
497 2721 537 2791 ln
562 2720 626 2790 Dei
644 2723 679 2791 et
697 2720 976 2792 Domininostri
993 2720 1101 2795 lbesu
1116 2722 1252 2795 chr-ini
1273 2723 1435 2794 nomine.
1455 2720 1578 2794 Omnis
1595 2718 1801 2794 monaobo'-

407 2868 489 2913 rum
520 2841 754 2939 congregatio
787 2841 899 2912 sancti
937 2844 1034 2915 Petri
1071 2841 1232 2916 coenobii
1267 2844 1523 2932 carnotensis,
1562 2861 1692 2916 notum
1727 2868 1801 2914 esse

408 2963 572 3037 solumne
592 2961 764 3053 omnibus
790 2961 996 3035 christianae
1025 2962 1106 3037 fidei
1132 2963 1357 3057 cultoribus,
1385 2964 1655 3065 quodquidam
1675 2962 1801 3048 miles,
1920 3030 1922 3035 ,

408 3086 556 3158 nomine
587 3085 693 3182 Hugo
720 3083 933 3174 Drocensis,
960 3086 1211 3184 patrocinante
1237 3085 1401 3160 Huberto
1429 3083 1558 3158 abbate
1580 3084 1649 3159 boc
1673 3110 1802 3157 eoeno-

408 3206 527 3292 bium,
548 3203 775 3278 medietatem
792 3205 962 3278 aecclesiae
976 3203 1021 3280 de
1037 3207 1247 3307 spelterolis
1261 3207 1343 3280 villa
1359 3223 1545 3295 etterram
1557 3206 1672 3279 duum
1686 3206 1801 3279 boum

408 3344 532 3402 sancto
549 3329 658 3401 Petro
677 3325 837 3415 dederit,
859 3329 1035 3426 recipiens
1054 3355 1074 3399 a
1090 3328 1197 3401 uobis
1216 3330 1253 3399 in
1270 3329 1604 3427 recumpensatione
1619 3329 1802 3400 orationes

408 3451 564 3523 fratrum
578 3468 615 3522 et
627 3450 694 3521 alia
707 3448 963 3522 misericordiae
976 3475 1099 3549 opera.
1113 3449 1200 3536 Sed,
1215 3451 1299 3550 <pria
1314 3476 1370 3522 ree
1385 3442 1492 3524 nobis
1506 3466 1595 3522 tunc
1609 3448 1751 3537 medica
1763 3467 1801 3521 et

410 3573 631 3647 infructuosa
663 3575 734 3644 risa
765 3589 840 3659 est,
870 3589 907 3644 et
935 3574 997 3645 lilii
1027 3571 1177 3672 predicti
1207 3572 1331 3644 militis
1356 3569 1671 3644 calumniabantur
1695 3594 1799 3656 earn,

408 3697 557 3771 minime
570 3696 642 3768 fuit
659 3725 677 3766 a
696 3693 801 3768 nobis
819 3707 986 3794 possessa.
1006 3697 1091 3769 Post
1108 3694 1265 3767 multum
1280 3708 1401 3766 autem
1417 3693 1607 3792 temporis,
1628 3691 1801 3790 praesatus

408 3820 509 3891 miles
526 3819 678 3892 eflicitur
696 3815 892 3888 monachus
912 3819 949 3888 in
962 3817 1190 3917 Burguliensi
1208 3815 1400 3903 coenobio,
1419 3833 1457 3888 et
1484 3812 1566 3887 inde
1583 3831 1725 3912 postea,
1748 3815 1800 3882 ri-

408 3939 506 4015 sendi
521 3942 632 4040 gratia
642 3995 652 4028 ,
671 3937 716 4011 ad
733 3964 800 4011 nos
815 3938 975 4028 rediens,
1001 3938 1296 4014 incommoditate
1313 3939 1476 4038 corporis
1491 3937 1648 4037 praviter
1662 3950 1798 4020 tactus,

409 4064 502 4164 apud
519 4093 584 4140 nos
603 4062 709 4139 obiit.
740 4064 849 4162 Cujus
870 4064 1028 4135 animam
1049 4061 1136 4134 dum
1159 4063 1304 4135 Christo
1324 4089 1367 4135 ex
1390 4088 1492 4134 more
1514 4056 1800 4133 commendavis-

409 4213 545 4274 semus,
576 4185 719 4287 glebam
747 4187 938 4287 corporis,
964 4185 1248 4259 cumfratribus
1277 4186 1412 4260 nostris
1424 4238 1435 4273 ,
1467 4208 1630 4282 congruo
1661 4182 1800 4255 honere

408 4309 647 4410 sepelivimus.
670 4308 773 4382 Uxor
795 4334 943 4410 quoque
965 4312 1061 4408 ejus,
1088 4309 1238 4383 nomine
1260 4307 1387 4394 Oliaia,
1415 4333 1522 4406 qttam
1547 4304 1768 4404 reliquerat
1760 4329 1800 4374 m

408 4420 529 4507 seculo
547 4457 629 4504 tum
648 4429 751 4517 liliis,
776 4429 981 4507 Gatrsberto
1005 4430 1141 4504 scilicet
1167 4445 1274 4529 atque
1299 4430 1483 4516 Guarino,
1512 4426 1644 4500 ibidem
1666 4424 1797 4497 adsuit.

410 4556 479 4649 Qui
499 4556 606 4629 simul
633 4580 717 4627 cum
743 4570 874 4641 matre,
902 4571 985 4655 post
1010 4555 1258 4629 humationem
1278 4553 1409 4653 patris,
1428 4566 1512 4623 ante
1527 4549 1635 4622 altare
1651 4560 1801 4646 aposto-

411 4679 529 4753 lorum
548 4679 644 4754 Petri
667 4695 704 4752 et
727 4677 825 4753 Puuli
848 4695 1106 4779 properantes,
1131 4676 1320 4778 praefatam
1339 4674 1522 4748 ecelesiam
1544 4697 1631 4743 cum
1652 4670 1746 4743 atrio
1763 4686 1800 4740 et

274 4788 293 4833 ”
409 4800 598 4879 medietate
614 4799 782 4889 deoima,
802 4826 871 4902 pro
890 4800 1009 4873 anima
1026 4801 1157 4901 patris,
1179 4800 1257 4898 peri
1275 4814 1363 4871 voto
1377 4793 1521 4896 publice
1541 4793 1797 4879 contulerunt,

411 4942 617 5027 tersumque
631 4926 737 4999 truius
752 4925 862 5012 artri,
878 4950 919 4998 ae
929 4921 1069 5000 donum
1081 4949 1188 5022 super
1198 4922 1308 4995 altare
1322 4932 1542 5020 posuerunt,
1563 4917 1800 5014 imprecantes
