4462 6120
219 728 1607 779 mmmmuuummmmwnmmmmmmmmmiamsmmmmmwmsm

599 1044 819 1210 cisen
865 1044 1225 1185 QUARTUS

865 1324 954 1367 ‘sm

683 1551 1142 1703 GISBERTI,

808 1842 1006 1905 ABBltTIS.

631 2065 687 2127 (Ab
700 2034 768 2125 anuo
780 2069 829 2119 tut
840 2065 875 2118 ed
888 2084 983 2119 annum
997 2066 1104 2120 circiter
1117 2069 1201 2131 1001.)

827 2333 993 2348 ψ

603 2578 606 2583 2
695 2504 1049 2639 clrrruuuu
1086 2547 1121 2633 1.

602 2790 646 2851 De
660 2791 812 2874 privilegio
827 2814 843 2852 u
858 2813 925 2875 rege
938 2789 1084 2852 Clotburio
1098 2791 1221 2851 firmato.

267 3034 290 3079 *
302 3062 319 3100 v
333 3035 393 3104 In'
413 3033 563 3105 nomine
581 3022 715 3105 sanctae
728 3049 765 3105 et
780 3030 976 3107 individuae
990 3033 1199 3121 Trinitatis,
1215 3033 1330 3105 Patris
1345 3033 1512 3109 videlicet
1525 3034 1608 3111 Filii
1633 3051 1703 3099 Anno
1715 3049 1772 3097 ⁹8⁵·

217 3173 253 3228 et
263 3156 419 3255 Spiritus
431 3154 558 3238 sancti.
572 3152 791 3244 Clotharius,
806 3154 968 3258 propicia
981 3153 1168 3226 divinitate
1178 3179 1255 3226 rex.
1272 3154 1374 3227 Sicut
1384 3154 1428 3229 de
1441 3156 1608 3231 taberna·

216 3278 287 3352 culi
302 3280 430 3379 gloriae
442 3270 505 3352 Dei
520 3277 649 3352 decore
663 3277 702 3350 in
715 3278 884 3378 praesenti
896 3278 1030 3353 saeculo
1044 3275 1309 3378 cogitantibus,
1327 3277 1365 3349 in
1381 3276 1491 3354 domo
1503 3297 1608 3355 aeter-

217 3402 341 3474 nitatis
360 3401 471 3500 ipsius
491 3401 576 3473 vitae
598 3415 777 3474 reseratur
797 3399 932 3490 aditus,
958 3400 1007 3473 ita
1032 3399 1190 3499 ejusdem
1210 3399 1463 3498 pervasoribus
1478 3402 1609 3500 procul

215 3520 329 3617 dubio
358 3522 397 3594 in
425 3520 558 3595 inferni
587 3519 733 3597 baratro
759 3537 944 3622 perpetuae
971 3523 1102 3596 mortis
1128 3519 1267 3620 patebit
1295 3521 1493 3622 ingressum
1523 3521 1608 3597 hnic

216 3620 290 3745 spei
308 3642 463 3717 fideliter
476 3640 709 3719 inconbendo
727 3642 899 3716 invisibili
913 3643 1064 3717 veritate
1081 3641 1293 3742 gaudemus,
1309 3641 1394 3715 huic
1407 3642 1607 3718 inherendo

217 3764 417 3843 firmamur.
448 3765 681 3866 Quapropter
715 3765 925 3841 universalis
958 3764 1023 3840 Dei
1052 3765 1222 3840 aecclesiae
1250 3765 1417 3840 omnium
1447 3762 1609 3841 fidelium

217 3903 516 3988 nostrorumque,
537 3902 609 3959 tam
624 3886 861 3985 praesentium
876 3913 986 3989 quarn
1001 3886 1204 3962 succedenti
1223 3886 1355 3961 saeculo
1372 3884 1606 3978 futurorum,

216 4012 361 4084 noverit
373 4012 430 4111 pia
444 4010 632 4111 sagacitas3
651 4009 736 4111 quia
754 4009 874 4085 fideles
891 4011 1008 4086 nostri
1022 4012 1144 4112 regni,
1160 4009 1239 4085 Odo
1256 4008 1393 4083 scilicet
1406 4010 1609 4086 Carnotcn·

217 4134 311 4209 sium
334 4132 485 4233 praesul,
512 4149 621 4234 atquc
648 4132 908 4208 illustrissimus
927 4159 1046 4210 comes
1064 4131 1178 4210 fidelis
1199 4146 1324 4207 noster
1347 4156 1388 4203 ac
1405 4132 1503 4206 inter
1518 4131 1608 4211 ulios

216 4254 329 4357 magis
344 4251 494 4326 dilectus
506 4250 604 4343 Odo,
625 4280 708 4327 cum
719 4281 781 4328 sua
798 4281 901 4357 aeque
914 4258 1068 4355 conjuge
1081 4256 1205 4326 Beria·
1221 4267 1331 4351 nepte
1342 4250 1470 4353 utiquc
1482 4268 1607 4329 nostra

216 4375 436 4464 dulcissima,
463 4375 742 4486 magnificentiae
767 4395 905 4493 nostroe
931 4402 1048 4479 genua
1070 4375 1283 4476 suppliciter
1302 4371 1489 4466 adierunt,
1507 4401 1608 4450 acce-

261 4628 270 4655 ¹
290 4621 402 4681 Publici
417 4621 491 4700 juris
512 4619 586 4681 iactu
604 4634 646 4683 est
666 4621 725 4682 baec
746 4622 844 4683 &urta
863 4626 894 4683 in
930 4618 1606 4704 liliam,quae‚postmortem0donis‚unn0995‚

223 4720 309 4780 Gall.
328 4717 449 4791 Christ,
465 4731 489 4778 t.
505 4718 599 4795 VIII,
615 4722 710 4795 insin,
726 4720 781 4781 col.
800 4718 871 4805 294.
929 4723 1028 4804 nupsit
1050 4722 1176 4784 lieberto
1201 4720 1279 4802 regi,
1303 4718 1436 4800 Hugonis
1458 4716 1606 4800 Capitonis

258 4826 269 4852 ²
291 4815 354 4876 Odo
379 4813 412 4889 I,
434 4815 617 4878 Carnotensis
641 4839 753 4892 mmet,
775 4840 904 4904 uxorem!
929 4821 997 4881 filio.

218 4911 300 4971 duxit
327 4910 462 4987 bertam,
497 4913 621 5003 Conradi
651 4917 724 4997 regis
749 4916 895 4978 Arelnturn
