4462 6120
753 528 783 559 ῃ

482 718 581 854 ,gs
609 734 753 816 earm
777 738 1117 814 manotensis
1456 725 1519 803 tn

135 918 235 982 mus,
255 891 353 993 quod
370 918 388 963 a
405 888 581 991 praedicto
598 888 792 964 Gausfrido
810 887 988 962 monacho
1006 913 1099 959 unus
1116 886 1333 986 agripennus
1352 901 1458 956 terrae
1473 887 1526 953 est

135 1033 277 1116 emptus
289 1015 333 1088 de
347 1013 504 1116 quodam
515 1013 644 1117 milite,
661 1013 809 1094 nomine
824 1011 1026 1101 Radberto,
1038 1010 1142 1104 datis,
1158 1035 1227 1108 pro
1241 1035 1298 1098 eo,
1312 1008 1453 1080 XXX¹⁸
1468 1030 1526 1081 so·-

134 1137 217 1212 lidis
245 1163 493 1212 nummorum.
523 1137 639 1230 Quem
671 1118 910 1235 agripennum
940 1133 1151 1223 Bardullus,
1183 1133 1278 1205 filius
1308 1133 1522 1216 Bertranni,

134 1278 257 1362 postea
288 1261 525 1333 calumniatus
551 1277 605 1332 est
633 1284 700 1359 pro
722 1282 801 1354 suo.
833 1257 945 1332 Proin
980 1272 1231 1330 convenerunt
1258 1280 1365 1353 super
1393 1270 1526 1326 tenum

135 1383 291 1459 domnus
310 1385 417 1483 Ilugo
440 1408 522 1454 cum
542 1382 613 1453 suis
628 1378 794 1454 fidelibus
811 1396 920 1480 atque
934 1377 1089 1453 domnus
1106 1374 1327 1452 Gislebertus
1344 1377 1387 1450 de
1401 1360 1526 1477 {egu-

136 1506 251 1593 lariis‚
274 1523 310 1580 et
334 1523 431 1578 certa
454 1506 596 1579 ratione
621 1505 841 1576 invenerunt
870 1529 947 1576 non
969 1528 1042 1576 esse
1067 1528 1194 1575 verum
1216 1501 1315 1603 quod
1336 1500 1527 1575 Bardulsus

135 1626 325 1702 asserebat.
349 1628 454 1701 Tunc
475 1628 541 1726 ipsi
563 1624 688 1702 domni
710 1650 907 1726 omnesque
928 1626 986 1697 alii
1008 1625 1142 1697 milites
1164 1624 1411 1725 supradictum
1428 1625 1528 1724 agri-

135 1776 297 1849 pennum
326 1768 434 1824 terrae
457 1766 581 1824 sancto
601 1751 711 1823 Petro
732 1763 769 1822 et
791 1764 915 1823 sancto
940 1746 1140 1839 Germano,
1164 1748 1239 1847 pari
1264 1772 1426 1843 assensu,
1448 1773 1528 1818 am-

135 1890 311 1947 nuerunt.
331 1875 393 1948 Set
410 1874 493 1973 quia
513 1899 638 1946 omnes
653 1872 790 1972 pariter
809 1887 882 1943 tam
897 1872 998 1971 parvi
1015 1898 1124 1972 quam
1143 1872 1264 1972 magni
1285 1870 1329 1944 de
1352 1873 1429 1970 ipso
1449 1871 1528 1944 vico

135 1995 318 2069 affuerunt
325 1998 510 2086 ,testium
533 1995 682 2069 nomina
701 1992 926 2066 subscribere
946 1992 1170 2094 superfluum
1189 1993 1294 2083 duxi,
1318 2020 1403 2067 cum
1420 1995 1529 2067 etiam

136 2143 316 2190 assensum
340 2116 390 2189 ibi
414 2116 613 2218 praebuerit
639 2116 823 2235 Guprinus
848 2115 891 2188 de
917 2117 1010 2205 lslo,
1039 2119 1095 2189 cui
1120 2119 1270 2217 propius
1297 2119 1370 2217 ipsa
1395 2120 1528 2192 terrula

136 2242 325 2314 intererat.
346 2243 387 2313 ln
408 2267 483 2342 quo
499 2242 606 2313 etiam
628 2241 710 2316 loco
727 2240 927 2314 Milesiudis
949 2256 1134 2333 matrona,
1161 2245 1320 2339 conjunx
1344 2240 1529 2340 qnondam

136 2362 304 2435 Gualdini
328 2363 455 2434 militis
477 2366 551 2460 jam
575 2361 756 2450 defuncti,
784 2390 853 2460 pro
878 2364 996 2434 anima
1020 2363 1073 2433 sui
1097 2363 1248 2435 senioris
1265 2340 1302 2435 et
1322 2388 1403 2453 sua,
1424 2369 1529 2465 juxta

136 2501 271 2557 terram
287 2500 463 2570 nostram,
482 2509 593 2583 quam
610 2483 699 2556 emit
707 2482 897 2557 VVarinus
911 2480 1109 2557 monachus
1118 2538 1128 2571 ,
1145 2483 1244 2559 dedit
1258 2488 1528 2584 portiunculam

136 2632 209 2678 suae
223 2623 330 2680 terrae
339 2622 512 2692 „exorata
526 2631 544 2676 a
558 2602 737 2678 monacho
751 2603 987 2692 Guausfrid0;
1006 2632 1088 2705 quae
1106 2604 1259 2679 inferius
1273 2608 1401 2707 incipit
1414 2637 1434 2680 a
1446 2636 1530 2714 qua-

136 2730 216 2802 dam
234 2728 353 2830 spina,
372 2755 454 2829 quae
472 2728 644 2801 terminat
658 2742 694 2800 et
708 2743 843 2798 terram
856 2727 1020 2826 superius
1035 2725 1189 2816 dictam,
1208 2755 1317 2829 quam
1331 2733 1419 2804 emit
1435 2731 1529 2805 idem

136 2849 382 2923 Gausfridusa
406 2846 594 2922 liudberto
615 2849 749 2936 milite;
776 2850 939 2949 superius
960 2875 1107 2951 quoque
1132 2853 1349 2925 terminatur
1369 2855 1425 2926 via
1448 2881 1529 2955 quae

136 2972 235 3046 vadit
250 2970 295 3044 ad
311 2971 458 3058 saltum,
478 2965 544 3070 per
563 2969 718 3042 mediam
737 2986 870 3042 terram
887 2986 1062 3045 nostram.

189 3127 207 3165 «
224 3094 402 3170 Volumus
419 3090 577 3192 denique
593 3091 638 3164 ab
656 3092 827 3166 omnibus
845 3092 948 3179 seiri,
967 3093 1066 3194 quod
1082 3096 1229 3196 quidam
1240 3098 1360 3188 miles,
1381 3126 1429 3173 no
1472 3102 1530 3193 ‘Je

138 3221 244 3318 Hugo
261 3219 304 3290 de
321 3216 457 3304 Famis,
477 3241 545 3314 pro
568 3212 680 3288 salute
701 3241 784 3303 sua,
808 3214 902 3286 ultra
926 3233 1112 3315 stagnum,
1137 3216 1235 3292 dedit
1254 3237 1377 3296 sancto
1400 3127 1538 3418 P&

138 3341 235 3413 inter
258 3338 344 3411 duas
369 3339 462 3426 vias,
487 3337 701 3438 particulam
724 3363 796 3410 suae
825 3341 933 3412 terrae
957 3337 1189 3413 adherentem
1215 3342 1433 3443 ipsistagno
1447 3388 1462 3435 ,1
1511 3354 1529 3418 't

137 3481 288 3562 ruptum
301 3460 468 3535 videlicet
480 3461 651 3535 violentia
666 3489 767 3562 aquae
781 3488 921 3560 semper
937 3461 1133 3553 reficiatur,
1151 3464 1253 3540 nullo
1268 3493 1431 3568 unquam
1444 3497 1531 3544 con-

139 3583 349 3657 tradicente.
380 3583 555 3676 Quicum
582 3582 701 3684 gladio
724 3584 1023 3660 Normannorum
1045 3587 1283 3688 iuteremptus
1298 3590 1441 3682 fuisset,
1462 3621 1530 3691 pro

139 3706 383 3807 ipsusfanima
403 3708 564 3804 conjunx
577 3708 671 3807 ejus,
691 3704 922 3808 Hildeburgis
937 3709 1105 3799 nomine,
1122 3735 1207 3783 cum
1223 3739 1364 3787 assensu
1381 3741 1530 3787 suorum

139 3822 320 3916 fideliam,
349 3826 448 3900 dedit
477 3845 601 3903 sancto
628 3829 736 3901 Petro
767 3845 803 3902 et
827 3847 952 3913 salicto
980 3830 1162 3907 Germano
1190 3835 1370 3934 quandam
1397 3854 1530 3910 terram

139 3977 298 4025 saxosam
320 3966 357 4022 et
378 3949 573 4039 incultam,
600 3951 697 4025 inter
721 3951 815 4023 viam
838 3978 923 4053 quae
945 3952 1045 4026 ducit
1062 3954 1105 4027 ad
1127 3957 1153 4028 F
1155 3974 1306 4040 ontanas
1323 3952 1470 4051 sillam,
1494 3981 1529 4036 et

139 4073 233 4144 viam
251 4098 333 4172 quae
350 4069 452 4143 ducit
467 4069 510 4143 ad
527 4071 649 4161 villam
667 4053 825 4148 Metonis
842 4075 985 4149 Villaris
993 4105 1005 4164 3
1024 4103 1140 4177 quaea
1162 4105 1252 4177 rupe
1272 4080 1310 4151 in
1329 4097 1530 4159 transverso

141 4194 287 4295 incipit,
311 4220 393 4293 quae
416 4194 482 4266 sita
503 4210 556 4266 est
574 4194 682 4293 juxta
700 4221 845 4269 erucem
865 4196 1038 4287 Osannae,
1065 4216 1100 4273 et
1120 4198 1303 4274 descendit
1327 4204 1423 4279 inter
1445 4205 1531 4280 duas

140 4315 231 4402 vias,
255 4313 431 4415 usquead
455 4313 490 4386 id
512 4315 581 4390 loci
608 4315 670 4387 ubi
694 4320 899 4416 conjunctae
921 4304 1016 4391 viam
1040 4346 1149 4418 unam
1171 4322 1324 4399 faciunt.
1353 4327 1407 4400 Ad
1432 4333 1531 4426 cujus

140 4435 354 4509 divisionem
379 4450 485 4537 atque
515 4438 759 4511 ostensionem
784 4440 1000 4551 plurimilde
1025 4443 1106 4547 rico
1124 4444 1295 4538 suerunt,
1323 4451 1418 4524 inter
1440 4479 1531 4552 quos

141 4556 339 4631 Herbertus
364 4559 838 4658 praepositus,-Ricbardus,
859 4562 1064 4636 Rodberttts
1086 4568 1301 4659 mischinus,
1321 4571 1531 4646 Hunbaldus

141 4679 261 4764 miles,
281 4676 487 4768 Radbertus
503 4696 539 4753 et
557 4680 771 4783 Albertusm
890 4760 894 4776 ,
