4462 6120
443 739 512 813 130
962 729 1312 808 MONASTERIUM

438 889 572 961 Sancto
593 889 793 970 Germano,
820 880 859 952 in
884 880 967 953 loco
991 879 1054 979 qui
1077 879 1212 952 dicitur
1235 880 1332 953 Juris
1350 879 1472 966 Vena,
1500 894 1634 954 terram
1658 903 1769 980 quam
1793 902 1838 950 ex

438 1025 566 1084 nostro
581 1005 759 1082 beneficio
785 1001 950 1090 tenebat,
977 1028 1061 1073 cum
1082 1002 1272 1075 medietate
1300 1002 1470 1075 aecclesiae
1495 1001 1657 1073 Cruciaci
1681 999 1777 1072 villae
1799 1013 1839 1072 et

437 1133 561 1204 casatis
577 1129 750 1206 omnibus
775 1152 867 1228 quos
888 1123 943 1196 ibi
968 1152 1011 1197 ex
1035 1150 1094 1196 me
1114 1123 1288 1214 habebat,
1313 1151 1381 1225 pro
1405 1121 1566 1198 remedio
1589 1123 1720 1198 animae
1740 1147 1833 1210 suae,

436 1250 586 1340 tribuit,
605 1249 737 1323 addens
751 1272 787 1320 se
800 1244 994 1346 prebendae
1010 1245 1287 1321 monachorum.
1305 1246 1517 1346 Emptiones
1530 1270 1678 1347 quoque
1690 1260 1727 1318 ct
1739 1269 1836 1319 com-

434 1375 655 1448 mutationes
680 1370 737 1444 vel
760 1369 976 1444 commercia
1003 1366 1169 1442 monachi
1197 1381 1279 1469 quae
1301 1367 1469 1443 fecerunt
1495 1367 1552 1441 vel
1580 1367 1712 1441 facturi
1749 1380 1836 1439 sunt

433 1523 582 1571 amnuo.
608 1493 784 1567 Similiter
806 1490 993 1567 monachis
1016 1493 1138 1564 Sancti
1162 1493 1260 1566 Petri
1287 1490 1448 1567 concedo
1464 1490 1624 1565 liberum
1641 1490 1836 1563 transitum

433 1645 498 1719 per
515 1636 630 1694 totam
646 1643 764 1691 meam
782 1633 936 1703 terram,
956 1632 998 1687 ut
1020 1615 1121 1687 nulla
1141 1642 1316 1715 umquam
1336 1614 1562 1691 consuetudo
1577 1613 1624 1687 ab
1640 1614 1690 1686 eis
1705 1613 1834 1713 requi-

432 1760 535 1814 ratur
552 1740 596 1814 de
612 1738 769 1841 piscibus
777 1793 788 1828 ,
808 1739 852 1812 de
868 1740 996 1826 coriis,
1016 1765 1078 1812 seu
1094 1739 1138 1812 de
1152 1738 1325 1812 omnibus
1341 1737 1451 1813 rebus
1466 1765 1549 1838 quae
1565 1734 1832 1813 monachorum

433 1889 506 1937 esse
520 1863 771 1939 ostendentur.
791 1864 935 1936 Possem
952 1877 989 1935 et
1003 1860 1070 1934 alia
1086 1860 1215 1936 addere
1232 1889 1315 1962 quae
1328 1863 1399 1936 mei
1417 1860 1538 1935 fideles
1556 1861 1638 1936 loco
1655 1858 1831 1960 praedicto

432 1984 671 2061 contulerunt
677 2014 688 2074 ς
704 2003 771 2073 set,
790 1986 875 2086 quia
889 1984 973 2057 alias
985 1986 1162 2085 scriptum
1177 2002 1243 2074 est,
1262 2002 1300 2059 et
1312 1984 1424 2059 finem
1439 1982 1560 2059 verbis
1572 1983 1691 2057 facere
1702 1998 1740 2056 et
1752 2008 1831 2058 cor·

430 2108 606 2184 roborare
620 2107 713 2182 hanc
725 2125 860 2182 cartam
873 2108 993 2209 sigillo
1005 2107 1131 2183 domni
1144 2109 1216 2182 mei
1231 2109 1339 2209 regis,
1355 2135 1439 2181 cum
1452 2105 1666 2183 nominibus
1675 2104 1829 2182 obtima·

431 2248 510 2304 tum
528 2258 699 2320 suorum,
715 2230 871 2320 festino,
891 2230 961 2306 hoc
975 2232 1095 2308 solum
1109 2232 1147 2304 in
1163 2231 1234 2304 fine
1252 2229 1358 2330 hujus
1373 2231 1494 2331 operis
1504 2227 1677 2306 omnibus
1696 2245 1829 2305 notum

429 2355 507 2428 fieri
519 2355 620 2447 volo,
634 2355 754 2457 quod,
774 2356 867 2428 sicut
884 2381 985 2456 egoa
1002 2354 1140 2430 domno
1157 2381 1239 2429 meo
1254 2380 1339 2454 rege
1349 2352 1469 2438 ,libere
1487 2355 1586 2426 tenui
1600 2368 1762 2443 actenus,
1779 2353 1828 2425 in

428 2477 764 2553 amonachislibere
775 2494 1014 2552 teneanturea
1025 2504 1122 2578 quae,
1137 2504 1205 2578 pro
1215 2476 1329 2549 salute
1339 2477 1470 2549 animae
1479 2477 1828 2549 meaeacanimarum

427 2615 621 2698 parentum
633 2626 815 2689 meorum,
831 2598 928 2691 dedi,
942 2616 979 2672 et
991 2626 1073 2700 quae
1087 2598 1145 2672 alii
1162 2599 1401 2671 contulerunt
1412 2599 1519 2672 simili
1533 2597 1658 2687 modo,
1671 2624 1741 2698 pro
1751 2598 1829 2669 ani-

426 2721 553 2794 mabus
570 2723 665 2796 suis:
681 2739 753 2795 uta
768 2719 989 2810 monachis¹,
1009 2747 1127 2821 neque
1145 2719 1192 2793 ab
1208 2719 1422 2794 hominibus
1439 2738 1547 2795 terrae
1563 2746 1691 2795 eorum
1706 2704 1826 2822 aliqua

426 2843 651 2918 consuetudo
663 2871 682 2916 a
696 2844 800 2918 nullo
815 2841 963 2916 homine
976 2844 1199 2944 requiratur,
1216 2871 1292 2919 non
1304 2846 1450 2933 vicaria,
1467 2871 1544 2920 non
1556 2843 1733 2933 bannum,
1747 2867 1826 2918 non

425 2966 591 3055 corveda,
603 2994 680 3042 non
691 2965 887 3067 expediti03
900 2983 967 3056 set,
981 2968 1075 3040 sicut
1085 2969 1248 3068 superius
1261 2967 1399 3041 dictum
1410 2985 1477 3058 est,
1488 2967 1656 3042 monachi
1667 2968 1824 3043 orationi

427 3089 607 3178 insistant,
623 3104 659 3164 et
674 3087 840 3163 homines
856 3115 985 3163 eorum
1000 3090 1187 3165 monachis
1207 3092 1291 3164 solis
1306 3119 1366 3164 sua
1381 3091 1502 3165 debita
1519 3091 1673 3165 solvant.
1694 3091 1730 3162 Si
1744 3093 1827 3191 quis

425 3229 545 3284 autem
555 3211 729 3285 heredum
738 3239 905 3287 meorum
917 3229 981 3285 aut
993 3213 1149 3288 aliorum
1161 3212 1354 3287 hominum
1364 3213 1449 3287 huic
1463 3216 1564 3314 operi
1578 3214 1825 3290 contradicere

423 3333 561 3408 volueri
568 3352 594 3424 t,
613 3362 695 3408 cum
709 3335 814 3408 Anna
830 3352 867 3410 ct
879 3334 1026 3435 Caipha,
1041 3334 1181 3409 Ananis
1192 3352 1228 3410 et
1242 3335 1390 3436 Saphira
1404 3335 1540 3410 etJuda
1552 3336 1740 3428 traditore,
1754 3340 1824 3414 nisi

423 3459 616 3557 resipuerit
632 3476 669 3532 et
688 3457 732 3532 ad
749 3457 1001 3533 satisfactionis
1014 3459 1215 3533 remedium
1229 3459 1454 3560 confugerit,
1476 3462 1515 3533 in
1537 3459 1683 3535 inferno
1704 3478 1824 3537 trusus

420 3605 548 3679 poenas
568 3581 644 3654 luat
664 3597 866 3681 perpetuas.
901 3581 938 3656 S.
958 3580 1097 3655 Radulli
1125 3584 1280 3658 comitis.
1311 3585 1349 3657 S.
1365 3584 1535 3658 Walterii
1563 3585 1731 3676 comitis,
1757 3583 1823 3659 filii

421 3700 578 3776 Radulli.
606 3704 642 3776 S.
658 3704 824 3804 lingonis
841 3705 997 3780 comitis.
1026 3706 1064 3778 S.
1085 3704 1250 3799 Alberti‚
1275 3709 1338 3807 qui
1360 3707 1452 3781 hanc
1468 3708 1700 3807 largitionem
1718 3707 1820 3782 fecit.

420 3825 458 3896 S.
470 3823 673 3916 Teudonis,
690 3825 813 3900 fratris
827 3827 982 3903 Alberti.
1003 3829 1040 3903 S.
1056 3828 1223 3919 Guarini,
1241 3829 1365 3904 fratris
1378 3830 1549 3930 ejusdem.
1571 3832 1608 3904 S.
1622 3831 1819 3905 Frederici.

419 3948 456 4019 S.
476 3947 657 4021 Balduini.
694 3952 731 4022 S.
751 3951 921 4026 Simonis.
959 3955 997 4026 S.
1018 3953 1193 4054 rigoberti
1219 3956 1392 4055 episcopi.
1428 3957 1465 4028 S.
1488 3957 1652 4056 Hugonis
1677 3954 1817 4029 decani.

419 4070 456 4142 S.
473 4071 659 4144 Guillelmi
679 4076 880 4176 praepositi.
901 4077 938 4149 S.
953 4079 1112 4179 Sigonis.
1138 4080 1175 4152 S.
1190 4077 1361 4152 Ascelini.
1381 4081 1418 4152 S.
1434 4077 1625 4154 Gencelini
1638 4077 1779 4154 decani.
1799 4111 1818 4150 a

467 4193 552 4267 Post
567 4213 727 4270 mortem
740 4213 861 4276 autem
877 4202 1024 4274 Henrici
1042 4202 1157 4303 regis,
1175 4200 1333 4278 secundo
1352 4229 1450 4278 anno
1465 4204 1568 4303 regni
1586 4204 1662 4294 sui,
1680 4201 1820 4303 Philip-

416 4341 484 4415 pus
497 4342 579 4405 rex,
594 4344 677 4390 cum
696 4323 820 4420 regina
841 4338 1054 4414 matresua,
1074 4325 1224 4414 Drocis,
1245 4327 1283 4398 in
1303 4352 1365 4398 sua
1380 4352 1536 4416 camera,
1552 4326 1644 4400 hanc
1662 4342 1815 4414 cartam,

416 4436 554 4515 domno
579 4439 732 4517 Alberto
756 4461 947 4536 exorante,
974 4474 1086 4521 manu
1108 4448 1256 4547 propria
1285 4448 1443 4521 firmavit
1470 4447 1709 4551 manibusque
1731 4475 1818 4524 suo-

415 4587 498 4634 rum
512 4561 822 4639 corroborandam
837 4567 997 4642 tradidit.
1016 4602 1033 4640 a
1049 4570 1259 4663 Balduinus‚
1275 4570 1503 4647 Flandrensis
1518 4598 1650 4647 comes.
1666 4573 1815 4664 Simon,

457 4834 572 4895 ‘Voces
586 4856 605 4893 a
620 4838 783 4912 monachis,
801 4840 964 4902 cancellata
977 4844 1008 4903 in
1024 4844 1089 4905 cod.
1106 4845 1147 4921 Α,
1162 4847 1273 4907 omissa
1289 4847 1399 4907 suntin
1418 4846 1483 4907 cod.
1502 4843 1543 4919 B,
1559 4845 1609 4905 ubi
1625 4846 1688 4905 loco
1702 4866 1815 4918 eorum,

412 4938 492 5022 quod
505 4943 647 5023 sequitur,
661 4943 765 5028 legitur
780 4945 991 5009 scamellorum.
