4462 6120
462 696 509 763 70
984 691 1331 769 MONASTERIUM

461 855 572 940 petuo
589 839 811 940 possideant,
831 840 1007 941 annisque
1021 840 1172 941 singulis
1190 841 1227 915 in
1244 841 1441 916 festivitate
1452 839 1754 929 sanetibeobjni,
1773 866 1858 942 quas
1982 835 1985 840 ’

461 980 515 1038 est
538 989 620 1039 xvu
642 963 810 1054 kalendas
832 963 1013 1053 octobris,
1038 966 1174 1039 rectori
1197 965 1356 1066 ejusdem
1383 983 1492 1040 terre
1518 955 1656 1040 solidos
1681 989 1722 1037 ιιι
1747 961 1861 1039 dana-

461 1090 536 1164 rios
561 1113 585 1160 v
611 1088 867 1161 incunctanter
889 1087 1115 1188 persolvant;
1136 1104 1174 1161 et
1199 1089 1228 1161 si
1248 1115 1293 1162 ex
1313 1088 1383 1164 boc
1401 1089 1626 1191 negligentes
1649 1087 1856 1176 extiterint,

462 1208 657 1286 emendent
665 1210 841 1311 legaliter,
859 1225 895 1284 et
905 1210 1048 1284 vineam
1062 1237 1139 1285 non
1150 1209 1321 1311 perdant;
1337 1227 1391 1285 set
1405 1211 1560 1286 habeant
1572 1209 1757 1285 licentiam
1769 1234 1859 1284 ren-

462 1331 569 1406 dendi
586 1334 644 1407 vel
659 1331 767 1407 dandi
785 1335 991 1437 cuicunque
1006 1335 1205 1410 voluerint
1226 1335 1277 1408 Ut
1291 1353 1412 1409 autem
1427 1334 1504 1408 haec
1520 1305 1617 1408 cartis
1629 1333 1773 1407 firmior
1788 1332 1856 1419 sit,

463 1483 573 1529 manu
590 1457 760 1559 propria
751 1484 829 1531 eam
847 1457 1007 1546 firmavi,
1027 1475 1065 1531 et
1081 1460 1226 1533 seniori
1229 1483 1312 1535 meo
1327 1458 1445 1555 Odoni
1465 1459 1591 1533 comiti
1607 1461 1754 1558 ejusque
1767 1454 1859 1531 fide·

463 1578 564 1652 libus
574 1579 819 1655 roborandam
833 1580 965 1656 obtuli.
983 1580 1116 1655 Actum
1134 1583 1302 1656 Carnutis
1317 1582 1476 1682 publice.

514 1734 533 1770 a
542 1701 621 1777 odo
632 1729 764 1778 eomes
775 1702 1393 1806 Fulcberrusabbasvrvranus(qu1
1404 1697 1880 1805 posteasactusmonacbus.

463 1821 562 1897 dedit
577 1825 804 1899 Pomeretam
826 1852 918 1899 cum
927 1825 1143 1926 appenditiis
1161 1828 1252 1916 suis,
1277 1829 1383 1901 terris
1404 1826 1513 1900 cultis
1526 1843 1564 1900 et
1588 1824 1754 1914 incultis;
1776 1847 1860 1894 cum

463 1943 634 2045 brogilis,
653 1947 793 2022 arbutis
810 1963 847 2021 et
863 1947 1049 2036 frutectis;
1068 1947 1169 2022 dedit
1190 1950 1298 2021 etiam
1320 1949 1359 2020 in
1378 1927 1485 2023 lovis
1503 1946 1599 2022 Villa
1615 1943 1790 2047 quioquid
1807 1941 1859 2016 ibi

390 2087 396 2096 “
464 2066 596 2141 babere
611 2068 819 2159 videbatur,
838 2087 882 2142 ¹et
898 2068 1072 2171 quicquid
1096 2068 1204 2141 dedit·
1217 2070 1319 2149 omni
1343 2070 1436 2142 mala
1453 2067 1717 2145 consuetudine
1740 2088 1865 2140 carere

463 2189 666 2263 videbatur.
690 2190 909 2267 Harduinus.
920 2191 937 2289 )
957 2189 1156 2264 'leduinus
1179 2189 1382 2286 Alcharius.
1405 2190 1605 2290 Ebrardus.
1624 2189 1857 2263 Gneuslinus.

464 2311 685 2386 Rodbertm.
708 2342 726 2381 n

512 2435 670 2507 Consum
682 2433 948 2534 supradictas
915 2461 1051 2524 vsneoe,
1071 2437 1216 2510 vivente
1232 2375 1414 2510 Landtico
1430 2434 1583 2526 abbate,
1601 2435 1735 2516 Sancto
1750 2378 1860 2508 Petro

463 2558 602 2629 remisit
621 2556 851 2647 Fulcherius,
873 2558 1061 2633 Nivelonis
1081 2558 1200 2649 filius,
1225 2585 1294 2660 pro
1315 2554 1567 2634 incolumitate
1584 2559 1733 2658 propria
1752 2574 1860 2657 atque
1968 2643 1972 2650 Ι

463 2676 651 2751 animabus
666 2694 859 2778 parentum
877 2706 1045 2770 suorum,
1064 2706 1149 2752 cum
1165 2681 1324 2754 aecclesia
1341 2681 1462 2753 Sancti
1482 2679 1635 2755 Leobini
1647 2705 1688 2751 ac
1704 2676 1859 2780 wedam

465 2815 560 2881 terra
570 2804 675 2900 juxta
693 2803 912 2875 cimiterium
931 2803 1041 2902 ipsius
1058 2802 1247 2918 aecclesias,
1266 2815 1318 2877 x⁰²
1321 2817 1511 2936 ¹¹¹quoque
1527 2772 1660 2879 solidos
1681 2825 1861 2876 nummo·

463 2948 545 2993 rum
561 2924 599 2994 iu
613 2923 854 3068 psolennitate
871 2924 966 2999 beati
987 2923 1154 3000 Leobini

562 3092 587 3125 0.

904 3163 1262 3332 eurrrutuu
1296 3213 1404 3300 xn.
1548 3163 1601 3336 'a

401 3477 403 3482 '
462 3465 505 3522 Dc
520 3464 742 3523 commutatione
756 3464 1079 3545 fastaintereauonicos
1090 3461 1201 3522 Sancte
1211 3461 1507 3549 Mariaeliaruotensis
1522 3458 1873 3547 ecclesiaeetmonacbos·
1903 3506 1909 3512 .

549 3569 645 3628 Sancti
660 3571 754 3643 Petri,
771 3571 800 3627 in
816 3569 953 3628 suburbio
968 3569 1097 3647 ejusdem
1113 3569 1236 3630 civitatis
1252 3569 1290 3629 ad
1305 3569 1459 3673 australem
1475 3567 1591 3649 plagam
1606 3566 1774 3626 constructi.
1823 3586 1829 3643 Q

298 3834 336 3866 aa
429 3850 437 3866 .
513 3829 530 3866 a
542 3799 584 3868 ln
598 3798 661 3869 Dei
676 3797 926 3869 PatrlsetFilii
941 3812 976 3869 et
988 3798 1145 3896 Spiritus
1160 3798 1282 3869 Sancti
1296 3798 1461 3884 nomine,
1478 3794 1542 3895 qui
1556 3809 1611 3866 est
1622 3764 1718 3865 unus
1731 3808 1857 3892 poten·

462 3919 595 3991 tialiter
617 3934 654 3991 et
675 3920 792 3992 trinus
816 3921 1064 4019 personaliter.
1087 3921 1194 3993 Facta
1212 3937 1266 3993 est
1287 3919 1526 3994 commutatio
1545 3918 1644 3990 inter
1663 3916 1859 3989 canonicos

460 4042 601 4115 Sanctae
616 4043 743 4115 Mariae
755 4043 987 4117 Carnotensis
998 4043 1168 4117 oecclesiae
1180 4059 1217 4117 et
1229 4041 1428 4118 monachos
1445 4042 1567 4115 Sancti
1585 4041 1698 4130 Petri,
1715 4040 1755 4112 in
1768 4037 1859 4110 sub-

459 4164 568 4239 urbio
584 4163 744 4264 ejusdem
758 4166 913 4238 civitatis
930 4165 974 4239 ad
990 4166 1184 4239 australem
1207 4167 1348 4268 plagam
1357 4220 1368 4254 ,
1384 4166 1475 4239 olim
1493 4164 1606 4236 multa
1623 4162 1801 4263 elegantia
1817 4186 1858 4233 ac

458 4287 650 4363 nobilitate
675 4314 742 4361 nec
759 4289 887 4367 minus
905 4288 1016 4362 modo
1035 4306 1216 4392 quantum
1233 4288 1277 4361 ad
1295 4313 1440 4388 presens
1459 4311 1578 4360 aevum
1595 4285 1746 4372 attinet,
1767 4307 1859 4358 oon-

457 4413 599 4483 structi.
634 4408 821 4484 Dederunt
854 4438 937 4485 sane
965 4411 1095 4512 prefati
1126 4412 1292 4485 canonici
1321 4425 1453 4484 sanctae
1483 4409 1637 4512 virginis
1664 4408 1785 4481 Mariae
1813 4404 1859 4479 ad

458 4533 613 4607 eundem
631 4534 755 4609 locum
772 4535 885 4609 Moris
902 4534 1033 4609 Villam
1051 4552 1089 4608 et
1102 4532 1280 4638 quicquid
1298 4535 1337 4607 in
1354 4533 1548 4607 subritana
1565 4546 1603 4604 et
1620 4531 1658 4602 in
1678 4529 1751 4603 Uni
1762 4527 1858 4605 Villa

459 4655 628 4730 videntur
642 4655 798 4746 habere,
812 4683 919 4757 aequo
936 4674 972 4730 et
988 4673 1163 4757 prompto
1180 4656 1325 4745 animo,
1345 4669 1458 4757 prout
1481 4653 1584 4728 decet
1604 4667 1748 4725 sanctos
1764 4672 1858 4737 con-

457 4778 594 4851 sultum
607 4781 657 4853 ire
669 4778 937 4854 venerabilibus
949 4796 985 4854 et
999 4781 1076 4854 Deo
1092 4779 1213 4880 dignis
1226 4776 1406 4855 moribus.
1424 4777 1456 4850 E
1471 4792 1598 4851 contra
1611 4800 1714 4863 vero,
1731 4768 1857 4849 mutua

457 4901 714 4993 vicissitudine,
727 4922 969 5004 receperuuta
982 4902 1087 4978 nobis
1095 4902 1297 4991 monacbis,
1308 4898 1477 4976 videlieet
1485 4899 1607 4974 Sancti
1616 4897 1729 4986 Petri,
1743 4896 1782 4969 in
1793 4916 1856 4969 sua
