4462 6120
412 738 460 808 2l
930 728 1280 811 monstratum

413 884 551 984 magna
570 871 750 984 lapidibus·
768 908 788 956 s
806 855 1134 961 saumonem·
1154 885 1234 960 solo·
1253 880 1387 958 infixa.
1410 884 1466 959 aa
1482 885 1810 988 sinuataque-

413 1032 484 1108 que
507 1007 647 1107 plagam
674 1007 894 1080 terminatur
915 1008 1020 1081 terris
1043 1007 1150 1082 cultis
1171 1021 1209 1082 ct
1232 1007 1378 1081 incultis
1398 1007 1444 1084 de
1467 1024 1644 1108 potestate
1666 1010 1810 1097 Sanctae

414 1131 551 1204 Mariae.
1334 1156 1337 1161 ’

463 1251 637 1354 Sequitur
652 1253 782 1325 Manus
795 1233 949 1342 villare,
964 1256 1063 1353 cujus
1081 1255 1234 1328 maxima
1248 1281 1330 1355 pars
1348 1272 1456 1331 terrae
1468 1255 1644 1329 dividitur
1655 1254 1810 1358 quandam

415 1377 469 1448 via
481 1401 564 1478 quae
576 1391 671 1449 meta
688 1401 761 1450 esse
774 1375 918 1450 videtur
929 1393 1037 1451 terras
1054 1378 1176 1451 Sancti
1188 1379 1285 1452 Petri
1302 1392 1482 1481 terraeque
1494 1380 1616 1452 Sancti
1629 1377 1808 1452 Mauricii„

414 1499 466 1570 Ex
491 1523 564 1570 una
584 1497 708 1572 fronte
727 1498 946 1572 terminatur
961 1497 1018 1572 via
1037 1497 1182 1600 publica
1203 1524 1287 1600 quae
1299 1501 1422 1601 pergit
1437 1499 1481 1573 ad
1497 1517 1642 1600 portam
1653 1500 1814 1574 Pertica-
1935 1523 1939 1528 ·

285 1675 288 1682 ,
415 1646 518 1708 nam;
531 1621 598 1693 alia
612 1619 750 1709 fronte,
765 1623 821 1694 via
837 1646 921 1722 <prae
937 1620 1038 1695 ducit
1054 1621 1097 1696 ad
1114 1637 1256 1722 portam
1275 1624 1388 1696 sancti
1404 1622 1580 1699 lobannis
1590 1621 1739 1696 Valeiaea
1755 1621 1812 1696 ad

415 1742 629 1816 orientalem
650 1743 792 1843 plagam
815 1743 955 1844 colligit
977 1742 1128 1817 domum
1149 1742 1439 1832 aurifabrorum
1463 1761 1501 1818 et
1521 1747 1572 1817 sic
1587 1771 1652 1844 per
1671 1745 1813 1817 sulcem

416 1864 602 1936 vinearum
621 1866 659 1936 in
683 1881 926 1938 transversum
945 1890 1022 1940 non
1040 1866 1149 1965 longe
1169 1864 1215 1937 ab
1232 1865 1390 1940 aecclesia
1408 1867 1529 1939 Sancti
1547 1867 1673 1938 Hilarli
1691 1866 1814 1967 porgit

415 1981 565 2057 adriam
577 1985 779 2084 publicam,
794 1986 839 2062 de
851 2013 922 2089 qua
936 2013 1036 2060 nunc
1048 1987 1211 2085 superius
1224 1985 1400 2076 diximus,
1412 2003 1520 2089 atque
1531 1987 1580 2060 ibi
1594 1988 1815 2064 terminatur

418 2108 822 2210 nonlongcaquodam
835 2111 954 2208 prelo.
1872 2091 1878 2100 Ι

466 2233 559 2303 ltem
575 2256 649 2303 xxx
665 2232 854 2331 agripenni
870 2233 1058 2303 vincarum
1069 2232 1106 2304 in
1117 2232 1271 2305 Luciaco
1279 2229 1471 2320 secamur,
1484 2257 1580 2334 quae,
1593 2258 1666 2307 una
1677 2232 1817 2322 fronte,

419 2354 662 2427 terminantur
683 2353 836 2453 viaquae
853 2351 899 2423 ab
917 2351 1074 2448 aecclesia
1091 2353 1232 2424 Luciaci
1256 2350 1300 2425 ad
1322 2353 1517 2425 aecclesiam
1541 2359 1651 2426 Manu
1669 2350 1815 2429 Villaria

418 2475 554 2574 pergit3
572 2473 639 2545 alia
662 2471 806 2560 fronte,
822 2473 878 2544 via
895 2498 979 2574 quae
994 2472 1095 2544 ducit
1113 2471 1157 2544 ad
1171 2473 1290 2560 Seras;
1308 2473 1418 2546 tercia
1433 2497 1580 2575 quoque
1593 2474 1737 2564 fronte,
1756 2474 1815 2548 via

420 2623 502 2697 quae
521 2595 694 2668 terminat
712 2594 863 2667 Manum
877 2594 1012 2670 Villare
1025 2596 1196 2668 terminat
1214 2610 1250 2670 et
1264 2596 1376 2696 ipsos.
1392 2598 1509 2671 Frons
1525 2623 1612 2672 vero
1624 2608 1710 2699 quat
1725 2618 1816 2698 pto*

420 2719 527 2819 spicit
548 2713 592 2788 ad
617 2716 799 2787 civitatem
823 2715 900 2787 aliis
923 2717 1037 2788 vineis
1062 2717 1291 2796 terminatur.
1314 2717 1647 2818 Fueruntquoque
1671 2717 1816 2792 dati'ad

422 2835 661 2939 plantandum
672 2833 856 2910 monachis
865 2836 912 2907 ab
924 2836 1093 2936 episcopo
1107 2834 1348 2935 Ragenfredo,
1361 2853 1501 2911 remota
1512 2840 1615 2912 omni
1628 2841 1816 2914 exactione

423 2961 548 3036 abeis.
625 3035 631 3046 ,

471 3084 527 3156 Ad
545 3081 731 3159 meridiem
749 3083 896 3185 quidem
916 3099 969 3158 est
984 3082 1150 3186 praedam
1168 3083 1326 3159 aeclesia
1346 3084 1445 3157 inter
1463 3086 1599 3174 vineas,
1622 3086 1660 3157 in
1677 3082 1818 3160 lionorc

423 3209 536 3281 sancti
556 3186 709 3282 leobini
727 3223 952 3297 constructa,
972 3235 1055 3309 quae
1074 3208 1163 3282 olim
1178 3206 1288 3279 fuisse
1307 3205 1448 3279 abbatia
1465 3206 1679 3282 dinoscitur.
1700 3208 1817 3301 Quam

378 3301 392 3325 ’
423 3330 619 3405 aecclesiam
642 3345 809 3404 matrona
829 3328 1013 3430 quaedam,
1037 3326 1291 3402 Ermentrudis
1311 3328 1479 3417 nomine,
1499 3352 1594 3403 uxor
1609 3329 1815 3418 Nivelonis,

422 3460 511 3529 vo‘to
530 3453 664 3525 Sancto
683 3453 793 3526 Petro
807 3450 943 3526 dimisit
964 3453 1125 3525 moriens
1141 3476 1211 3550 pro
1233 3450 1352 3522 anima
1368 3476 1449 3540 sua,
1469 3475 1554 3523 cum
1575 3453 1680 3525 terris
1699 3473 1740 3524 ac
1755 3446 1817 3525 ‹lc›

424 3576 525 3648 cimis
540 3572 810 3675 pertinentibus
823 3572 866 3645 ad
880 3575 992 3673 ipsam
1007 3571 1202 3646 aecclesiam
1211 3599 1222 3660 ;
1237 3569 1421 3662 datis—viro
1438 3597 1503 3646 suo
1512 3625 1523 3660 ,
1536 3588 1607 3672 pro
1620 3596 1816 3664 consensu,

423 3696 622 3773 monilibus
635 3697 757 3770 suiset
770 3695 918 3768 armillis
931 3697 1066 3782 aureis;
1079 3694 1268 3769 eratenim
1280 3692 1437 3766 aecclesia
1449 3718 1492 3766 ex
1503 3695 1725 3793 patrimonio
1736 3716 1817 3771 suo.

423 3795 515 3892 llum
531 3844 619 3894 vero
636 3819 731 3891 viam
748 3819 927 3894 universae
945 3819 1062 3892 carnis
1086 3817 1236 3904 abisset,
1264 3817 1321 3888 vir
1342 3819 1437 3915 ejus,
1461 3817 1639 3916 petitione
1657 3817 1820 3918 conjugis

423 3943 621 4042 postposita
634 3957 741 4042 atque
755 3967 830 4016 auae
848 3941 1099 4041 promissionis
1115 3939 1272 4028 oblitus,
1291 3940 1414 4014 omnia
1432 3940 1505 4011 suis
1522 3939 1647 4012 usibus
1662 3941 1821 4014 retinere

423 4038 644 4158 maluit3'et‚
663 4063 827 4166 quandiu
848 4064 1041 4137 mundanis
1067 4063 1175 4137 rebus
1198 4064 1252 4133 uti
1280 4062 1402 4162 potuit
1414 4115 1425 4150 ,
1448 4087 1637 4163 nunquam
1652 4060 1818 4161 resipuit.
1895 4127 1900 4134 .

423 4187 582 4276 Verum,
600 4213 685 4260 cum
697 4213 734 4261 se
746 4187 884 4262 videret
896 4186 941 4259 ad
952 4202 1113 4262 extrema
1124 4185 1206 4259 duci
1216 4241 1228 4276 ,
1242 4182 1442 4260 monachus
1459 4185 1500 4258 in
1511 4183 1686 4259 coenobio
1698 4184 1820 4257 Sancti

416 4311 520 4387 Petri
545 4310 635 4383 effici
660 4310 800 4399 voluit,
827 4312 927 4411 quod
949 4328 1068 4385 autem
1090 4336 1197 4384 sanus
1214 4294 1332 4384 lacere
1357 4309 1498 4398 noluit,
1525 4333 1617 4380 cassa
1643 4305 1821 4407 petitione

424 4430 507 4505 liliis
523 4432 621 4504 suis·
637 4430 755 4505 facere
780 4433 938 4505 monuit.
967 4433 1051 4526 Quo
1067 4448 1238 4520 mortuo,
1259 4431 1357 4505 filius
1379 4433 1456 4530 ejus
1473 4430 1653 4530 Paganus,
1675 4420 1820 4504 modico

467 4667 475 4692 ¹
498 4655 565 4736 lpse
584 4667 627 4715 eat
639 4654 726 4735 hujus
744 4656 837 4736 operis
858 4667 975 4728 aneton
999 4658 1035 4718 de
1057 4680 1116 4739 quo
1137 4657 1202 4718 vide
1229 4656 1380 4715 l’Histor'n
1406 4652 1544 4714 Hatram
1571 4651 1606 4711 de
1633 4650 1665 4709 la
1691 4649 1821 4717 mm,

425 4778 446 4822 t.
463 4784 537 4837 vm,
555 4785 586 4842 p.
605 4759 677 4823 255.

467 4880 477 4906 ²
496 4869 663 4930 Correetum
681 4864 828 4949 verofilt'o
842 4890 906 4929 suo.
