4462 6120
434 731 502 802 160
951 719 1296 801 MONASTERlUM

805 1001 1174 1093 CAPITULUM
1210 1001 1450 1089 XXXIII.

856 1245 972 1327 Agnitio
986 1243 1022 1304 de
1037 1256 1113 1303 terra
1127 1243 1266 1304 liodberti
1281 1243 1395 1303 Comei.

230 1490 322 1535 antes.
335 1489 404 1536 soto.
480 1503 499 1542 a
519 1472 668 1573 Agnitio
684 1472 841 1573 qualiter
859 1489 975 1559 terra,
996 1499 1107 1573 quam
1128 1471 1238 1544 abbas
1257 1468 1492 1571 Magenardus
1512 1468 1612 1543 dedit
1630 1467 1819 1544 Rodberto

429 1596 593 1684 Corneo,
615 1609 781 1669 revocata
798 1609 852 1668 est
866 1593 910 1666 ad
926 1595 1064 1667 victum
1081 1591 1252 1666 fratrum.
1265 1637 1313 1651 —
1326 1596 1422 1668 Dum
1438 1589 1644 1666 Radbertus
1661 1592 1823 1666 Gorneas

428 1734 596 1792 mortuus
619 1716 715 1805 luit,
737 1715 935 1791 voluerunt
958 1715 1127 1791 monachi
1151 1718 1263 1816 ipsam
1285 1733 1422 1792 terram
1446 1717 1627 1816 recipere3
1652 1731 1706 1790 set
1727 1741 1823 1791 uxor

429 1842 504 1939 ejus
521 1839 701 1938 judicium
724 1855 870 1938 portare
891 1839 1000 1927 fecit,
1028 1839 1203 1940 quoniam
1227 1865 1266 1912 ea
1293 1840 1538 1915 conventione
1560 1863 1627 1913 suo
1645 1828 1726 1913 data
1748 1836 1824 1911 fuit

429 1961 577 2047 seniori,
596 1975 639 2032 ut
653 1961 740 2058 ipsa,
756 1958 917 2060 quandiu
929 1961 1086 2048 viveret,
1101 1984 1181 2032 eam
1194 1960 1404 2059 possideret.
1423 1960 1540 2053 Quam
1555 1959 1728 2033 feminam
1742 1961 1825 2060 qui·

428 2080 509 2153 dam
525 2080 644 2167 miles,
665 2080 767 2153 Sulio
786 2080 937 2154 nomine
944 2133 955 2168 ,
978 2081 1016 2152 in
1037 2081 1208 2180 conjugio
1229 2081 1387 2180 aceepit3
1411 2081 1494 2181 qui,
1516 2079 1641 2153 multis
1662 2079 1821 2170 vicibus,

428 2204 616 2277 servitium
632 2202 753 2275 abbati
770 2200 927 2275 Arnulfo
945 2200 1095 2275 obtulit.
1116 2201 1223 2295 Quod
1239 2203 1426 2279 seruitium
1442 2227 1583 2301 semper
1598 2201 1824 2302 abbas'spn'-

428 2325 482 2395 vit
493 2341 530 2397 et
546 2350 733 2424 nonquam
751 2324 904 2421 recepit.
924 2321 1007 2417 Quo
1024 2323 1174 2399 Sullone
1189 2325 1434 2419 vivente-oum
1449 2323 1653 2423 supradicta
1667 2320 1823 2416 ferina,

429 2446 494 2520 filii
518 2444 695 2521 liodberti
712 2449 788 2545 jam
810 2445 899 2518 dieti
922 2447 1060 2521 mortui
1082 2445 1247 2520 fuerunt.
1268 2447 1355 2521 Post
1374 2463 1533 2520 mortem
1550 2460 1638 2522 verb
1654 2444 1822 2536 feminea,

429 2569 714 2642 reclamaverunt
736 2575 847 2668 ipsam
867 2584 1000 2641 terram
1019 2569 1348 2670 nepotes-ejusdem
1366 2566 1563 2660 Rodberti3
1583 2585 1637 2643 set
1653 2568 1824 2657 monachi

429 2687 576 2764 fortiter
600 2691 814 2763 restiterunt
843 2689 905 2762 eis.
936 2689 1046 2762 Tune
1069 2706 1252 2765 venerunt
1277 2691 1425 2791 utrique
1453 2693 1494 2766 in
1520 2692 1656 2764 curiam
1680 2688 1826 2765 Odonis

429 2811 571 2884 comitis
585 2827 621 2881 et
636 2812 793 2909 episcopi
808 2807 1018 2898 Teoderici,
1038 2827 1073 2884 et
1090 2809 1226 2885 ibidem
1239 2808 1379 2885 factum
1391 2829 1445 2887 est
1458 2813 1645 2912 placitum.
1659 2810 1825 2885 Affirma-

428 2930 589 3029 bantque
607 2945 758 3029 nepotes
775 2928 951 3011 liodberti
959 2984 971 3020 ,
989 2932 1165 3032 quoniam
1180 2959 1220 3006 ea
1236 2932 1481 3007 conventione
1493 2931 1674 3033 judicium
1688 2932 1824 3006 semina

428 3065 574 3149 portare
590 3051 725 3124 fecerat
733 3104 744 3139 ,
765 3066 824 3141 ut,
845 3065 1101 3151 postmortem
1118 3054 1276 3153 ejusdem
1293 3053 1461 3145 seminar,
1480 3051 1630 3145 heredes
1645 3051 1821 3130 Radberti

429 3178 542 3273 ipsam
556 3190 689 3248 terram
704 3176 743 3248 in
757 3173 843 3251 fisco
856 3175 901 3249 de
913 3175 1043 3251 abbate
1056 3193 1237 3252 tenerent.
1252 3175 1309 3251 Ad
1321 3177 1391 3253 hoc
1403 3175 1728 3265 contradicendum
1741 3178 1825 3251 satis

428 3294 620 3369 habuimus
637 3312 755 3370 testes.
776 3298 881 3369 Tunc
897 3296 977 3376 odo
996 3322 1119 3389 comes
1130 3297 1308 3398 judicarit
1325 3324 1495 3400 camum
1511 3298 1825 3411 lierifflqplieetpx

428 3419 498 3494 hoc
509 3418 608 3521 quod
621 3419 673 3492 illi
685 3417 855 3491 dicebant
867 3417 1014 3523 beredep
1025 3418 1254 3559 Ran
1261 3418 1456 3520 judicium,
1468 3408 1826 3524 quodfemiballod-

428 3543 524 3617 berti
541 3542 628 3616 lecit
643 3557 804 3640 portare,
819 3541 929 3615 fuisse
943 3522 1081 3617 missos.
1097 3538 1315 3675 Testffitern
1326 3542 1450 3617 Sancti
1463 3542 1564 3655 Petq'
1574 3542 1719 3633 (boehm
1730 3568 1823 3632 non,

429 3668 498 3740 nisi
516 3664 745 3740 solummodo
760 3665 1077 3767 feminamffunc
1092 3663 1318 3773 Rodbeffiu,
1339 3691 1433 3739 unus
1450 3678 1496 3740 ei
1512 3664 1690 3765 jamdicti
1709 3691 1826 3767 nepo-

431 3788 541 3878 tibus,
560 3788 660 3862 dedit
675 3789 800 3863 comiti
813 3789 997 3889 guadium.
1016 3786 1479 3901 'l'eodericusperoabomo
1491 3788 1615 3881 Sancti
1633 3789 1747 3883 Petri,
1761 3794 1828 3891 qui

426 3915 500 4009 jam
516 3914 632 4009 major
650 3909 740 3997 fuit,
758 3911 927 3985 similiter
942 3936 1049 3984 suum
1066 3909 1238 4011 guadium
1252 3900 1496 4005 comitidedit
1510 3910 1555 3985 ad
1568 3908 1829 3987 wutradioen·

428 4033 529 4107 dum.
547 4033 671 4107 Postea
688 4058 794 4121 vero,
817 4049 1029 4108 remanente
1044 4060 1172 4132 campo
1181 4087 1192 4123 ,
1212 4031 1406 4111 concordia
1421 4034 1473 4106 sic
1488 4030 1682 4123 lactuluill
1704 4030 1827 4107 Abbas

431 4154 645 4244 landricus,
660 4156 831 4254 episcopo
843 4153 1045 4230 Teoderico
1058 4173 1211 4256 rogante
1218 4154 1486 4259 „qnadraginta
1496 4155 1632 4232 solidos
1647 4153 1827 4287 ἑψ-

429 4277 536 4354 berto
553 4293 591 4351 et
608 4278 818 4366 Sanoelino,
837 4278 943 4351 fratri
963 4282 1057 4378 ejus,
1075 4277 1193 4368 dedit,
1213 4294 1251 4353 et
1265 4274 1358 4354 duos
1372 4277 1569 4378 aripennos
1583 4279 1700 4371 ἠοω
1714 4277 1828 4352 rami·

429 4402 494 4488 sit,
519 4425 611 4502 quos
628 4398 834 4474 Rodbertus
852 4401 1014 4477 Gorneus
1030 4401 1163 4477 Sancto
1180 4402 1291 4476 Petro
1305 4399 1435 4501 ded'tt.
1442 4399 1531 4479 dum
1554 4396 1729 4497 absolute
1742 4400 1827 4491 Ma·

428 4521 588 4623 genardo
610 4522 721 4621 ipsam
740 4539 874 4596 terram
895 4524 1045 4622 recepit.
1069 4523 1139 4622 lpsi
1161 4548 1249 4601 vero
1269 4522 1400 4599 fratres
1415 4518 1624 4602 Radbertus
1641 4524 1828 4601 resarcio

429 4645 690 4744 guerpiverunt
703 4658 836 4718 terram
840 4696 851 4731 ‚
867 4660 904 4718 et
916 4642 1141 4744 fidejussores
1153 4643 1333 4720 dederunt
1347 4671 1383 4720 se
1397 4644 1492 4744 ipsos
1506 4659 1544 4719 et
1556 4643 1651 4745 du&
1660 4643 1827 4721 homines

429 4793 533 4854 suos,
560 4763 777 4839 Gilduinum
798 4781 836 4838 et
858 4766 1100 4856 Emalricum,
1121 4782 1184 4855 ut,
1204 4768 1233 4840 si
1254 4766 1401 4868 quando
1424 4765 1470 4839 ab
1492 4766 1636 4868 aliquo,
1657 4793 1701 4841 ex
1725 4786 1828 4866 parte

430 4913 572 4977 eorum,
586 4889 660 4996 ipsa
669 4904 766 4963 terra
777 4889 1098 4990 calumpniaretur,
1113 4891 1180 4994 ipsi
1193 4888 1346 4965 liberam
1355 4917 1434 4965 eam
1443 4886 1649 4979 redderent,
1662 4906 1699 4964 et
1712 4905 1827 4967 totam
