4462 6120
734 722 774 795 s.
797 722 939 795 rarat
965 717 1304 793 clauoruusrs.
1643 717 1714 804 aar

327 881 388 958 ut,
411 894 480 969 pro
505 867 761 968 archiepiscopi
784 894 927 958 amore,
952 866 1105 940 decimas
1129 891 1253 939 rerum
1280 879 1315 938 et
1339 862 1559 962 sepulturam
1582 876 1717 933 nostrae

326 990 496 1079 ecclesiae,
512 1017 621 1091 qnam
634 1018 653 1064 a
668 991 803 1064 nostris
817 988 1028 1064 hominibus
1040 987 1314 1087 accipiebamus,
1333 986 1426 1057 intra
1440 985 1604 1059 Fossatos
1617 1008 1719 1054 cnm-

325 1111 570 1202 manentibus,
584 1112 823 1187 Beccensibus
832 1109 1019 1188 monacbis
1030 1107 1274 1184 redderemus.
1291 1107 1399 1202 Quod
1411 1131 1496 1178 cum
1509 1121 1717 1193 castrenses,

325 1247 400 1304 tam
421 1233 539 1306 clerici
561 1259 671 1333 quam
692 1232 792 1321 laici,
812 1229 1012 1319 audissent,
1034 1246 1202 1304 extranea
1219 1231 1269 1303 eis
1285 1255 1342 1302 res
1360 1228 1479 1301 andita
1496 1228 1569 1299 visa
1588 1240 1642 1299 est
1648 1280 1660 1315 ,
1680 1241 1721 1297 ut

325 1356 424 1455 quod
442 1354 648 1429 Gualterius
671 1380 790 1430 comes
806 1369 930 1428 sancto
944 1353 1074 1438 Petro,
1095 1353 1170 1427 fere
1186 1349 1318 1425 abhinc
1335 1350 1451 1422 XXX
1468 1351 1572 1422 annis
1588 1364 1624 1421 et
1640 1374 1721 1420 am-

324 1477 436 1575 plius,
453 1478 675 1566 contulerat,
690 1493 727 1551 et
739 1477 930 1577 optimates
944 1479 1019 1576 ejus
1032 1502 1210 1549 assensum
1222 1472 1465 1573 prebuerant,
1482 1468 1716 1558 amonachis,

324 1600 535 1697 nuperrime
552 1598 786 1674 aecclesiolam
805 1598 1018 1698 praedictam
1033 1595 1272 1687 habentibus,
1294 1596 1424 1695 injuste
1443 1592 1550 1669 nobis
1568 1593 1719 1669 tollere-

325 1734 400 1793 tur.
420 1723 526 1793 Tunc
544 1745 671 1795 omnes
689 1719 767 1793 viva
784 1745 873 1794 voce
889 1735 926 1792 et
947 1717 1211 1793 indissimulato
1228 1716 1334 1790 vultu
1352 1715 1602 1789 testimonium
1619 1741 1719 1813 prae-

324 1842 503 1932 buerunt,
533 1842 631 1944 quod
645 1896 656 1929 ,
690 1843 774 1941 ipsis
799 1841 1005 1914 videntibus
1033 1855 1070 1914 et
1093 1837 1344 1926 audientibus,
1372 1863 1490 1913 comes
1515 1835 1719 1914 Gnalterius

325 1984 448 2041 sancto
463 1969 572 2040 Petro
589 1963 734 2039 dederat
750 1964 972 2063 sepulturam
988 1979 1025 2036 et
1041 1961 1217 2037 decimam
1234 1960 1424 2035 hominnm
1443 1961 1539 2031 intra
1555 1959 1719 2033 Fossatos

325 2084 588 2176 habitantium,
620 2084 786 2159 videlicet
809 2082 853 2159 de
879 2083 1016 2173 bubus,
1043 2083 1087 2158 de
1111 2082 1259 2172 ovibus,
1291 2080 1336 2155 de
1365 2080 1493 2169 asinis,
1525 2079 1569 2153 de
1597 2079 1717 2179 equis3

323 2209 499 2282 decimam
519 2235 666 2311 quoque
687 2208 731 2283 de
753 2223 849 2282 terra
868 2234 979 2309 quam
994 2203 1163 2296 monachi
1188 2221 1394 2294 exararent3
1419 2202 1594 2276 decimam
1612 2201 1719 2276 etiarn

324 2332 488 2430 aripenni
505 2331 567 2404 ubi
586 2332 717 2404 furnus
734 2330 822 2404 olim
846 2329 967 2403 fuerat
988 2330 1089 2403 situs.
1113 2329 1191 2404 Hoc
1214 2326 1398 2400 audientes
1420 2322 1608 2413 monachi,
1636 2348 1719 2394 cum

325 2450 452 2525 abbate
466 2479 547 2545 suo,
561 2454 731 2552 injustam
745 2450 953 2528 calunniam,
959 2450 1196 2548 deponentes,
1211 2447 1377 2546 deinceps
1390 2446 1582 2519 siluerunt.
1597 2446 1720 2516 Testes

325 2572 431 2670 hujus
448 2574 505 2656 rei
520 2575 628 2646 etiam
647 2572 849 2644 curavimus
868 2569 1092 2644 subscribere
1112 2600 1121 2640 ε
1141 2570 1336 2642 Manassem
1358 2557 1716 2666 archipresbiterum;

325 2693 545 2768 Herbertum
556 2748 567 2783 ,
586 2695 805 2783 Genricnm,
823 2692 1070 2783 Gnalterium‚
1085 2691 1304 2781 Sansonem,
1323 2690 1534 2776 canonicos;
1555 2685 1719 2760 Odonem

324 2816 594 2905 vicecomitem,
609 2814 829 2890 Herbertum
843 2815 1074 2913 pincernam,
1092 2810 1320 2885 Rodbertum
1331 2810 1586 2912 praepositum,
1604 2809 1718 2907 Roge-

325 2938 420 3010 rinm
440 2938 613 3028 militem,
632 2937 860 3025 Givelinum;
880 2933 1128 3022 liudbertum,
1148 2931 1303 3009 militem
1319 2930 1363 3006 de
1379 2932 1527 3005 marina.
1547 2962 1564 3000 a

764 3193 1132 3284 CAPITULUM
1167 3193 1282 3281 XII.

739 3443 829 3515 ltem,
856 3441 964 3502 donum
990 3441 1026 3501 de
1049 3443 1123 3528 saltu
1144 3438 1304 3500 Godelridi.

379 3703 396 3742 a
412 3675 455 3746 ln
471 3669 604 3744 Christi
625 3671 789 3745 nomine.
812 3672 892 3772 Ego
912 3668 1155 3759 Guarncrins,
1182 3692 1254 3741 una
1275 3693 1358 3739 cum
1381 3667 1581 3759 loscelino,
1604 3670 1717 3740 sancti
1744 3700 1802 3746 aaa
1815 3714 1836 3745 a.
1850 3699 1920 3747 nna

326 3796 424 3871 Petri
444 3794 694 3895 apostolorum
715 3793 891 3895 principis
912 3792 1143 3867 carnotensis
1166 3787 1348 3880 coenobii,
1372 3807 1480 3891 atque
1501 3788 1567 3863 sub
1589 3788 1718 3864 abbate

328 3916 543 4008 Eustachio,
574 3918 777 4017 provisores
804 3915 875 3990 loci
908 3914 1062 3990 Ledonis
1091 3915 1233 4002 Gurtis,
1252 3915 1305 4001 in
1336 3912 1524 3988 territorio
1546 3911 1717 3987 Vilcasini

329 4041 450 4130 castri,
464 4065 574 4143 quem
588 4039 678 4115 Gnal
684 4039 792 4113 terius
803 4063 938 4128 comes,
953 4038 1049 4111 filius
1063 4035 1246 4137 Drogonis
1260 4035 1416 4124 comitis,
1432 4052 1606 4134 regnante
1619 4038 1719 4108 Han-

327 4162 406 4234 rico
432 4187 538 4260 rege,
563 4176 687 4234 sancto
712 4162 820 4236 Petro
844 4160 1102 4261 perpetualiter
1125 4156 1357 4249 habendum,
1388 4154 1515 4229 abbate
1541 4155 1719 4230 Landrico

328 4281 495 4369 vivente,
526 4279 757 4356 concedendo
784 4279 939 4369 tribuit3
972 4295 1124 4368 notum,
1156 4279 1326 4379 inquam,
1354 4277 1619 4352 essevolumus
1645 4294 1718 4372 tam

321 4402 566 4502 ¹praesentibus
590 4429 699 4505 quam
719 4404 855 4478 futuris
875 4421 1007 4478 sanctae
1024 4404 1089 4477 Dei
1109 4401 1278 4476 aecclesiae
1302 4398 1486 4490 fidelibus,
1511 4400 1608 4503 quod
1632 4403 1719 4502 qui-

329 4526 412 4601 dam
430 4525 550 4616 miles,
573 4527 721 4602 nomine
740 4527 958 4604 Godefridus
973 4526 1018 4599 de
1033 4525 1200 4597 Fluriaco
1209 4578 1220 4613 ,
1243 4523 1454 4600 infirmitate
1469 4550 1539 4625 qua
1554 4537 1720 4598 mortuus

329 4664 383 4738 est
398 4648 619 4750 detemptus,
638 4676 703 4749 per
716 4651 833 4724 lilium
845 4677 970 4740 suum,
986 4647 1135 4722 nomine
1147 4651 1339 4748 Hugonem
1348 4700 1360 4737 ,
1379 4663 1416 4720 et
1431 4673 1583 4723 uxorem
1598 4672 1717 4736 snam,

329 4767 498 4861 Adclam,
517 4769 656 4846 donum
674 4773 729 4846 sui
747 4773 855 4846 saltus
873 4773 971 4846 misit
987 4796 1095 4870 snper
1110 4770 1222 4843 altare
1239 4771 1352 4843 sancti
1373 4770 1476 4860 Petri¹
1488 4766 1716 4871 ponendum,

331 4892 502 4992 quatinus
516 4894 683 4970 monachi
699 4895 842 4996 praefati
856 4896 927 4972 loci
941 4910 1116 4995 perpetuo
1127 4896 1211 4993 jure
1227 4892 1381 4967 habeant
1388 4945 1400 4982 ,
1419 4893 1496 4967 sine
1513 4891 1585 4966 ulla
1599 4890 1720 4964 calun-
