4462 6120
454 725 501 795 98
973 721 1323 797 MONASTERIUM

455 870 719 971 relinquentes,
738 896 878 946 morem
896 872 993 943 canis
1009 886 1094 943 sunt
1110 871 1221 944 secuti
1240 873 1358 944 carnis
1374 870 1484 943 ollam
1498 891 1564 942 ore
1580 864 1758 951 tenentis,
1781 886 1852 934 cu-

449 993 508 1089 jus
524 991 670 1065 aviditas
688 1009 784 1065 tanta
802 1018 875 1066 esse
893 995 1070 1079 cernitur,
1091 1009 1153 1080 ut,
1173 991 1334 1065 fluminis
1353 1018 1482 1093 aquam
1500 1006 1744 1073 transmeans,
1761 982 1851 1058 dum

455 1112 587 1186 viderit
616 1112 785 1187 umbram
815 1117 931 1188 carnis
962 1117 998 1186 in
1028 1114 1142 1191 fundo
1168 1115 1353 1202 fluminis,
1386 1114 1499 1187 hianti
1531 1137 1596 1188 ore
1625 1132 1776 1182 currens
1806 1104 1852 1177 ad

457 1234 621 1308 umbram
646 1263 832 1338 nonquam
856 1236 1087 1329 sumendam,
1117 1240 1227 1314 ollam
1252 1237 1431 1338 perdidit,
1462 1235 1570 1309 undis
1598 1229 1849 1319 currentibus,

456 1354 670 1456 lugientem.

923 1496 1272 1587 CAPITULUM
1304 1494 1383 1586 Vl.

731 1747 776 1807 De
790 1747 935 1807 Teaneriis
949 1761 978 1807 et
994 1748 1102 1807 Grosso
1115 1747 1259 1808 Testiculo
1273 1749 1378 1807 Soracte
1392 1748 1478 1808 Petro
1492 1745 1576 1804 datis.

252 2006 345 2052 aaa..
359 2002 437 2053 ιοιιι
511 2002 531 2041 ιι
550 1974 592 2045 ln
618 1971 753 2047 Christi
778 1974 943 2049 nomine.
975 1976 1053 2076 Ego
1083 1972 1362 2061 Ermentrndis,
1393 1969 1645 2045 Erchembaldi
1670 1969 1853 2069 primum,

461 2111 583 2194 postea
606 2121 694 2169 sero
711 2096 884 2171 Bernardi
906 2101 1086 2197 conjunx,
1105 2116 1236 2173 notum
1253 2124 1326 2170 esse
1345 2095 1432 2171 volo
1451 2109 1582 2167 mnctae
1599 2093 1663 2165 Dei
1686 2090 1856 2165 aecclesie

463 2216 627 2289 fidelibus
637 2271 648 2305 ,
671 2220 849 2292 urnversis
864 2219 1106 2318 praesentibus
1123 2236 1231 2319 atque
1249 2218 1403 2306 futuris,
1423 2216 1579 2316 qualiter
1595 2213 1718 2288 alodos
1734 2236 1854 2297 meos,

463 2366 555 2440 quos
573 2338 749 2413 habebam
776 2342 813 2413 in
836 2344 1049 2416 Carnotensi
1077 2370 1191 2442 pago,
1213 2347 1315 2442 juxta
1341 2342 1599 2420 Pomeriatam‚
1620 2337 1742 2409 Sancti
1759 2336 1856 2408 Petri

463 2463 727 2538 monachorum
761 2480 894 2538 terram
906 2518 917 2551 ,
950 2464 1067 2537 eidem
1101 2468 1234 2538 Sancto
1272 2466 1405 2548 Petro,
1442 2462 1653 2535 Carnotensi
1692 2457 1859 2530 videlicet

465 2584 662 2671 coenobio,
685 2585 787 2661 trado
804 2601 842 2658 et
856 2586 1115 2686 perpetualiter
1137 2585 1320 2659 habendos
1344 2581 1581 2670 transfundo,
1603 2607 1669 2681 per
1686 2580 1859 2678 depreca-

465 2709 602 2781 tionem
618 2708 778 2781 Homeri
793 2709 919 2780 militis
936 2711 1025 2795 mei,
1044 2734 1114 2807 pro
1130 2710 1248 2779 anima
1265 2706 1424 2781 Solionis
1442 2706 1506 2777 filii
1523 2705 1611 2792 mei,
1628 2720 1666 2776 et
1683 2700 1857 2775 Bematdi

467 2832 534 2901 mei
553 2831 724 2917 senioris,
743 2847 780 2902 et
797 2855 888 2902 mea.
917 2830 1013 2900 Sunt
1040 2830 1159 2930 itaque
1183 2829 1279 2904 alodi
1307 2829 1352 2902 de
1380 2828 1513 2930 quibus
1539 2844 1592 2900 est
1615 2852 1734 2900 sermo
1754 2829 1858 2925 juxto

466 2953 723 3037 Pomeriatam,
748 2952 869 3024 Sancti
886 2953 982 3024 Petri
1009 2969 1143 3025 terram
1163 2949 1428 3028 monachorum
1449 2976 1612 3026 :nomen
1635 2950 1700 3022 uni
1723 2952 1861 3021 Tosne-

466 3073 536 3145 rias
545 3127 556 3160 ,
576 3089 612 3147 et
628 3075 751 3161 alteri,
768 3074 836 3147 sibi
855 3076 1044 3176 contiguo,
1062 3075 1242 3149 treferium
1258 3100 1412 3162 nomen,
1430 3093 1550 3147 tamen
1564 3072 1688 3173 vulgo,
1704 3073 1858 3146 Grossus

468 3196 682 3269 Testicnlus.
712 3199 947 3270 Terminatur
981 3214 1101 3272 autem
1131 3226 1174 3272 ex
1200 3224 1272 3271 una
1299 3199 1422 3272 frome
1434 3252 1445 3285 ,
1471 3216 1566 3271 terra
1589 3195 1711 3268 Sancti
1737 3196 1857 3281 Petri,

468 3318 632 3391 videlicet
659 3319 861 3419 supradicta
887 3322 1087 3396 Pomeriata
1100 3350 1111 3410 ς
1130 3322 1241 3394 altem
1261 3347 1368 3408 vero,
1392 3321 1513 3393 Sancti
1542 3319 1691 3392 Martini
1720 3318 1861 3391 Carno-

469 3443 595 3530 tensis;
616 3443 726 3514 tercia
750 3444 778 3515 si
800 3442 950 3544 quidem
967 3459 1090 3543 parte,
1115 3442 1319 3543 Sigenfredi
1337 3442 1497 3516 hominis
1514 3439 1714 3526 Fulcherii;
1733 3452 1861 3540 quartu

468 3590 555 3640 sero
570 3565 715 3652 fronte,
734 3581 829 3638 terra
845 3565 1005 3642 filiorum
1017 3565 1229 3642 Guaszonis.
1247 3565 1346 3640 lnfm
1360 3565 1421 3639 has
1434 3567 1556 3667 itaque
1568 3563 1859 3648 terminationes,

468 3688 591 3763 alodos
615 3688 748 3763 Sancto
773 3689 882 3764 Petro
904 3688 1081 3772 concedo,
1108 3716 1149 3764 ea
1165 3691 1428 3778 conventione,
1449 3706 1491 3761 ut
1508 3686 1614 3761 annis
1632 3684 1805 3786 singulis,
1824 3682 1862 3755 in

467 3808 662 3885 festivitate
676 3810 798 3883 Sancti
816 3812 1003 3901 Mauricii,
1023 3812 1116 3887 duos
1131 3814 1265 3889 solidos
1282 3811 1517 3888 denariorum
1534 3810 1579 3885 de
1595 3832 1706 3883 censu
1721 3804 1865 3907 pertul-

468 3950 557 4005 sant
568 3931 775 4033 supradicto
787 3934 949 4024 Unvero,
963 3936 1020 4009 vel
1034 3937 1105 4012 illis
1116 3934 1161 4011 ad
1171 3962 1264 4038 quos
1277 3936 1496 4010 beneficium
1508 3932 1710 4009 devenerit.
1724 3928 1761 4004 Si
1776 3954 1865 4003 veto

469 4056 692 4157 negligentes
706 4056 847 4131 fuerint
869 4059 907 4131 in
926 4056 1120 4148 solvendo,
1138 4058 1303 4159 legaliter
1318 4057 1533 4146 emendent,
1553 4072 1591 4131 et
1615 4052 1717 4157 quod
1738 4050 1866 4125 damna

470 4202 546 4253 non
559 4177 732 4277 perdant3
750 4195 803 4254 set
815 4179 969 4282 desuper
981 4183 1097 4255 mouri
1111 4181 1294 4269 edificent,
1309 4183 1398 4255 etin
1411 4196 1631 4283 perpetuum
1641 4174 1863 4278 possideant.

471 4298 523 4372 Ut
540 4314 662 4372 autem
679 4299 756 4374 lraec
776 4303 909 4376 noticia
931 4305 979 4375 sit
996 4303 1139 4383 firmior
1156 4305 1195 4377 in
1218 4302 1356 4392 secula,
1381 4327 1493 4376 manu
1509 4326 1588 4377 mea
1605 4294 1863 4379 corroboravi,

472 4421 703 4525 militumque
732 4448 899 4500 meorum
931 4423 1101 4497 manibus
1129 4424 1440 4502 corroborandam
1470 4421 1614 4499 tradidi.
1642 4420 1681 4494 S.
1705 4419 1867 4493 Ermen-

472 4542 601 4619 trudis.
634 4544 673 4617 S.
696 4544 973 4636 Emnentrudis,
1003 4548 1121 4647 neptis
1147 4550 1236 4646 ejus.
1263 4546 1304 4622 S.
1326 4546 1484 4623 Unveris
1506 4545 1544 4619 S.
1572 4546 1695 4619 Eumae
1704 4592 1717 4631 ,
1742 4536 1868 4615 uxoris

472 4670 560 4767 ejus.
580 4668 618 4743 S.
635 4664 802 4759 Raberii,
822 4668 887 4743 lilii
901 4672 990 4768 ejus.
1007 4670 1045 4742 S.
1060 4668 1317 4775 Aremburgis,
1337 4669 1422 4745 filioe
1437 4672 1526 4771 ejus
1548 4668 1587 4741 S.
1604 4662 1765 4755 Adclais,
1781 4660 1867 4735 filioe

473 4792 561 4889 ejus.
586 4790 626 4864 S.
644 4790 821 4881 Ebrardi,
847 4792 990 4891 nepotis
1015 4795 1104 4891 ejus.
1129 4794 1169 4866 S.
1196 4791 1375 4893 llugonis.
1402 4792 1443 4865 S.
1463 4788 1615 4865 0donis.
1641 4788 1680 4861 S.
1705 4780 1864 4893 Giroldi.

474 4912 512 4987 S.
536 4912 732 5015 llrogonis.
760 4914 799 4989 S.
823 4909 1015 4989 manandi.
1039 4917 1076 4989 S.
1098 4916 1287 4991 Bernardi.
1317 4918 1355 4989 S.
1382 4915 1588 5004 Teudonis,
1618 4912 1684 4986 filii
1710 4907 1865 4985 Uoseri.

637 5040 660 5089 -ι
