<?xml version="1.0" encoding="UTF-8"?>
<!DOCTYPE html PUBLIC "-//W3C//DTD XHTML 1.0 Transitional//EN"
    "http://www.w3.org/TR/xhtml1/DTD/xhtml1-transitional.dtd">
<html xmlns="http://www.w3.org/1999/xhtml" xml:lang="en" lang="en">
 <head>
  <title>
</title>
<meta http-equiv="Content-Type" content="text/html;charset=utf-8" />
  <meta name='ocr-system' content='tesseract 3.04.00' />
  <meta name='ocr-capabilities' content='ocr_page ocr_carea ocr_par ocr_line ocrx_word'/>
</head>
<body>
  <div class='ocr_page' id='page_1' title='image "./cartulairedelab00abbegoog_0275.png"; bbox 0 0 4462 6120; ppageno 0'>
   <div class='ocr_carea' id='block_1_1' title="bbox 660 690 1724 812">
    <p class='ocr_par' dir='ltr' id='par_1_1' title="bbox 660 690 1724 812">
     <span class='ocr_line' id='line_1_1' title="bbox 660 690 1724 812; baseline -0.002 -24"><span class='ocrx_word' id='word_1_1' title='bbox 660 711 725 788; x_wconf 77' lang='lat' dir='ltr'><strong>nr</strong></span> <span class='ocrx_word' id='word_1_2' title='bbox 749 712 982 788; x_wconf 75' lang='lat' dir='ltr'>L&#39;ABBAYE</span> <span class='ocrx_word' id='word_1_3' title='bbox 1007 708 1071 784; x_wconf 80' lang='lat' dir='ltr'><strong>DE</strong></span> <span class='ocrx_word' id='word_1_4' title='bbox 1096 690 1399 786; x_wconf 68' lang='lat' dir='ltr'><strong>siler-Plan.</strong></span> <span class='ocrx_word' id='word_1_5' title='bbox 1607 703 1724 812; x_wconf 68' lang='lat' dir='ltr'><strong>cexlj</strong></span> 
     </span>
    </p>
   </div>
   <div class='ocr_carea' id='block_1_2' title="bbox 818 957 1237 1010">
    <p class='ocr_par' dir='ltr' id='par_1_2' title="bbox 818 957 1237 1010">
     <span class='ocr_line' id='line_1_2' title="bbox 818 957 1237 1010; baseline -0.007 0"><span class='ocrx_word' id='word_1_6' title='bbox 818 961 932 1010; x_wconf 77' lang='lat' dir='ltr'>MENSE</span> <span class='ocrx_word' id='word_1_7' title='bbox 955 957 1237 1009; x_wconf 64' lang='lat' dir='ltr'><strong>communale.</strong></span> 
     </span>
    </p>
   </div>
   <div class='ocr_carea' id='block_1_3' title="bbox 390 1078 1725 1386">
    <p class='ocr_par' dir='ltr' id='par_1_3' title="bbox 390 1078 1725 1386">
     <span class='ocr_line' id='line_1_3' title="bbox 390 1078 1725 1219; baseline -0.005 0"><span class='ocrx_word' id='word_1_8' title='bbox 390 1136 484 1219; x_wconf 75' lang='grc'><strong>160.</strong></span> <span class='ocrx_word' id='word_1_9' title='bbox 514 1112 616 1218; x_wconf 72' lang='lat' dir='ltr'><strong>licat</strong></span> <span class='ocrx_word' id='word_1_10' title='bbox 634 1137 690 1217; x_wconf 82' lang='lat' dir='ltr'><strong>du</strong></span> <span class='ocrx_word' id='word_1_11' title='bbox 708 1164 848 1217; x_wconf 69' lang='lat' dir='ltr'><strong>reverta</strong></span> <span class='ocrx_word' id='word_1_12' title='bbox 867 1134 917 1215; x_wconf 86' lang='lat' dir='ltr'><strong>de</strong></span> <span class='ocrx_word' id='word_1_13' title='bbox 935 1137 979 1216; x_wconf 85' lang='lat' dir='ltr'><strong>la</strong></span> <span class='ocrx_word' id='word_1_14' title='bbox 998 1161 1129 1216; x_wconf 81' lang='lat' dir='ltr'><strong>mense</strong></span> <span class='ocrx_word' id='word_1_15' title='bbox 1149 1134 1411 1215; x_wconf 75' lang='lat' dir='ltr'><strong>eonventuelle</strong></span> <span class='ocrx_word' id='word_1_16' title='bbox 1424 1134 1475 1214; x_wconf 86' lang='lat' dir='ltr'><strong>de</strong></span> <span class='ocrx_word' id='word_1_17' title='bbox 1488 1078 1725 1216; x_wconf 47' lang='lat' dir='ltr'><strong>SaintssPbre</strong></span> 
     </span>
     <span class='ocr_line' id='line_1_4' title="bbox 846 1268 1207 1386; baseline -0.003 -33"><span class='ocrx_word' id='word_1_18' title='bbox 846 1302 894 1354; x_wconf 82' lang='lat' dir='ltr'><strong>en</strong></span> <span class='ocrx_word' id='word_1_19' title='bbox 913 1274 1068 1354; x_wconf 75' lang='lat' dir='ltr'><strong>l&#39;annee</strong></span> <span class='ocrx_word' id='word_1_20' title='bbox 1089 1268 1207 1386; x_wconf 85' lang='lat'><strong><em>1776.</em></strong></span> 
     </span>
    </p>
   </div>
   <div class='ocr_carea' id='block_1_4' title="bbox 274 1457 1734 4400">
    <p class='ocr_par' dir='ltr' id='par_1_4' title="bbox 274 1457 1734 4400">
     <span class='ocr_line' id='line_1_5' title="bbox 274 1457 1728 1554; baseline -0.003 -23"><span class='ocrx_word' id='word_1_21' title='bbox 274 1473 277 1477; x_wconf 84' lang='lat'>&#39;</span> <span class='ocrx_word' id='word_1_22' title='bbox 418 1472 456 1530; x_wconf 75' lang='lat' dir='ltr'><strong>l.</strong></span> <span class='ocrx_word' id='word_1_23' title='bbox 481 1459 691 1554; x_wconf 60' lang='lat' dir='ltr'><strong>Vingtadeux</strong></span> <span class='ocrx_word' id='word_1_24' title='bbox 709 1460 801 1529; x_wconf 83' lang='lat' dir='ltr'><strong>mille</strong></span> <span class='ocrx_word' id='word_1_25' title='bbox 823 1460 901 1552; x_wconf 74' lang='lat' dir='ltr'><strong>cinq</strong></span> <span class='ocrx_word' id='word_1_26' title='bbox 922 1474 997 1528; x_wconf 73' lang='lat' dir='ltr'><strong>een!</strong></span> <span class='ocrx_word' id='word_1_27' title='bbox 1020 1458 1194 1552; x_wconf 72' lang='lat' dir='ltr'><strong>cinquante</strong></span> <span class='ocrx_word' id='word_1_28' title='bbox 1215 1473 1336 1529; x_wconf 79' lang='lat' dir='ltr'><strong>etune</strong></span> <span class='ocrx_word' id='word_1_29' title='bbox 1357 1457 1454 1527; x_wconf 78' lang='lat' dir='ltr'><strong>lime</strong></span> <span class='ocrx_word' id='word_1_30' title='bbox 1475 1461 1557 1529; x_wconf 74' lang='lat' dir='ltr'><strong>reiro</strong></span> <span class='ocrx_word' id='word_1_31' title='bbox 1582 1481 1658 1528; x_wconf 80' lang='lat' dir='ltr'><strong>eous</strong></span> <span class='ocrx_word' id='word_1_32' title='bbox 1676 1482 1728 1540; x_wconf 64' lang='lat' dir='ltr'><strong>un,</strong></span> 
     </span>
     <span class='ocr_line' id='line_1_6' title="bbox 532 1575 1629 1667; baseline -0.005 -24"><span class='ocrx_word' id='word_1_33' title='bbox 532 1575 646 1645; x_wconf 84' lang='lat' dir='ltr'><strong>denier</strong></span> <span class='ocrx_word' id='word_1_34' title='bbox 660 1600 702 1644; x_wconf 87' lang='lat' dir='ltr'><strong>en</strong></span> <span class='ocrx_word' id='word_1_35' title='bbox 720 1589 848 1667; x_wconf 77' lang='lat' dir='ltr'><strong>argent.</strong></span> <span class='ocrx_word' id='word_1_36' title='bbox 1625 1586 1629 1594; x_wconf 86' lang='lat'><em>&#39;</em></span> 
     </span>
     <span class='ocr_line' id='line_1_7' title="bbox 420 1685 1643 1782; baseline -0.003 -23"><span class='ocrx_word' id='word_1_37' title='bbox 420 1701 454 1760; x_wconf 96' lang='grc'><strong>1.</strong></span> <span class='ocrx_word' id='word_1_38' title='bbox 479 1692 595 1759; x_wconf 81' lang='lat' dir='ltr'><strong>Treize</strong></span> <span class='ocrx_word' id='word_1_39' title='bbox 605 1689 715 1759; x_wconf 77' lang='lat' dir='ltr'><strong>muids</strong></span> <span class='ocrx_word' id='word_1_40' title='bbox 723 1691 801 1782; x_wconf 85' lang='lat' dir='ltr'><strong>cinq</strong></span> <span class='ocrx_word' id='word_1_41' title='bbox 815 1690 926 1758; x_wconf 70' lang='lat' dir='ltr'><strong>setiere</strong></span> <span class='ocrx_word' id='word_1_42' title='bbox 937 1687 1023 1756; x_wconf 84' lang='lat' dir='ltr'><strong>deux</strong></span> <span class='ocrx_word' id='word_1_43' title='bbox 1032 1688 1153 1756; x_wconf 79' lang='lat' dir='ltr'><strong>minots</strong></span> <span class='ocrx_word' id='word_1_44' title='bbox 1165 1701 1358 1780; x_wconf 76' lang='lat' dir='ltr'><strong>reptqmrts</strong></span> <span class='ocrx_word' id='word_1_45' title='bbox 1370 1711 1412 1755; x_wconf 86' lang='lat' dir='ltr'><strong>en</strong></span> <span class='ocrx_word' id='word_1_46' title='bbox 1424 1685 1643 1756; x_wconf 67' lang='lat' dir='ltr'><strong>blelroment.</strong></span> 
     </span>
     <span class='ocr_line' id='line_1_8' title="bbox 421 1802 1654 1898; baseline -0.005 -24"><span class='ocrx_word' id='word_1_47' title='bbox 421 1813 454 1874; x_wconf 83' lang='grc'><strong>3.</strong></span> <span class='ocrx_word' id='word_1_48' title='bbox 481 1805 753 1898; x_wconf 75' lang='lat' dir='ltr'><strong>Cinquantehuit</strong></span> <span class='ocrx_word' id='word_1_49' title='bbox 768 1805 875 1873; x_wconf 89' lang='lat' dir='ltr'><strong>muids</strong></span> <span class='ocrx_word' id='word_1_50' title='bbox 896 1802 978 1872; x_wconf 80' lang='lat' dir='ltr'><strong>neus</strong></span> <span class='ocrx_word' id='word_1_51' title='bbox 990 1805 1101 1871; x_wconf 84' lang='lat' dir='ltr'><strong>setiers</strong></span> <span class='ocrx_word' id='word_1_52' title='bbox 1115 1805 1196 1873; x_wconf 79' lang='lat' dir='ltr'><strong>trois</strong></span> <span class='ocrx_word' id='word_1_53' title='bbox 1211 1805 1333 1873; x_wconf 80' lang='lat' dir='ltr'><strong>minots</strong></span> <span class='ocrx_word' id='word_1_54' title='bbox 1347 1803 1387 1873; x_wconf 90' lang='lat' dir='ltr'><strong>de</strong></span> <span class='ocrx_word' id='word_1_55' title='bbox 1403 1803 1457 1874; x_wconf 77' lang='lat' dir='ltr'><strong>hle</strong></span> <span class='ocrx_word' id='word_1_56' title='bbox 1473 1803 1654 1896; x_wconf 63' lang='lat' dir='ltr'><strong>chunipert.</strong></span> 
     </span>
     <span class='ocr_line' id='line_1_9' title="bbox 419 1918 1139 1997; baseline -0.004 -8"><span class='ocrx_word' id='word_1_57' title='bbox 419 1925 453 1997; x_wconf 75' lang='lat'><strong>4.</strong></span> <span class='ocrx_word' id='word_1_58' title='bbox 477 1922 559 1990; x_wconf 81' lang='lat' dir='ltr'><strong>Huir</strong></span> <span class='ocrx_word' id='word_1_59' title='bbox 573 1920 681 1988; x_wconf 89' lang='lat' dir='ltr'><strong>muids</strong></span> <span class='ocrx_word' id='word_1_60' title='bbox 700 1920 757 1988; x_wconf 83' lang='lat' dir='ltr'><strong>dix</strong></span> <span class='ocrx_word' id='word_1_61' title='bbox 773 1921 885 1989; x_wconf 80' lang='lat' dir='ltr'><strong>setiers</strong></span> <span class='ocrx_word' id='word_1_62' title='bbox 897 1919 937 1987; x_wconf 90' lang='lat' dir='ltr'><strong>de</strong></span> <span class='ocrx_word' id='word_1_63' title='bbox 953 1918 1006 1986; x_wconf 77' lang='lat' dir='ltr'><strong>hle</strong></span> <span class='ocrx_word' id='word_1_64' title='bbox 1017 1918 1139 1987; x_wconf 79' lang='lat' dir='ltr'><strong>meteil.</strong></span> 
     </span>
     <span class='ocr_line' id='line_1_10' title="bbox 420 2031 1220 2127; baseline -0.004 -24"><span class='ocrx_word' id='word_1_65' title='bbox 420 2042 453 2103; x_wconf 82' lang='lat'><strong>5.</strong></span> <span class='ocrx_word' id='word_1_66' title='bbox 478 2032 676 2127; x_wconf 72' lang='lat' dir='ltr'><strong>vingt-deux</strong></span> <span class='ocrx_word' id='word_1_67' title='bbox 691 2032 799 2101; x_wconf 89' lang='lat' dir='ltr'><strong>muids</strong></span> <span class='ocrx_word' id='word_1_68' title='bbox 818 2032 903 2101; x_wconf 83' lang='lat' dir='ltr'><strong>deux</strong></span> <span class='ocrx_word' id='word_1_69' title='bbox 919 2034 1039 2101; x_wconf 87' lang='lat' dir='ltr'><strong>minots</strong></span> <span class='ocrx_word' id='word_1_70' title='bbox 1056 2031 1220 2101; x_wconf 83' lang='lat' dir='ltr'><strong>d‘evoine.</strong></span> 
     </span>
     <span class='ocr_line' id='line_1_11' title="bbox 419 2148 845 2217; baseline -0.007 0"><span class='ocrx_word' id='word_1_71' title='bbox 419 2156 453 2217; x_wconf 88' lang='grc'><strong>6.</strong></span> <span class='ocrx_word' id='word_1_72' title='bbox 478 2149 670 2217; x_wconf 71' lang='lat' dir='ltr'><strong>Tremo-six</strong></span> <span class='ocrx_word' id='word_1_73' title='bbox 689 2148 845 2215; x_wconf 88' lang='lat' dir='ltr'><strong>voitures.</strong></span> 
     </span>
     <span class='ocr_line' id='line_1_12' title="bbox 418 2262 1096 2356; baseline -0.003 -25"><span class='ocrx_word' id='word_1_74' title='bbox 418 2273 452 2331; x_wconf 88' lang='grc'><strong>7.</strong></span> <span class='ocrx_word' id='word_1_75' title='bbox 477 2263 737 2356; x_wconf 75' lang='lat' dir='ltr'><strong>Quarantehuit</strong></span> <span class='ocrx_word' id='word_1_76' title='bbox 747 2263 903 2353; x_wconf 78' lang='lat' dir='ltr'><strong>journees</strong></span> <span class='ocrx_word' id='word_1_77' title='bbox 915 2262 956 2329; x_wconf 92' lang='lat' dir='ltr'><strong>de</strong></span> <span class='ocrx_word' id='word_1_78' title='bbox 969 2263 1096 2330; x_wconf 82' lang='lat' dir='ltr'><strong>travail.</strong></span> 
     </span>
     <span class='ocr_line' id='line_1_13' title="bbox 419 2376 955 2469; baseline -0.006 -23"><span class='ocrx_word' id='word_1_79' title='bbox 419 2387 452 2446; x_wconf 90' lang='lat'><strong>8.</strong></span> <span class='ocrx_word' id='word_1_80' title='bbox 477 2378 575 2444; x_wconf 85' lang='lat' dir='ltr'><strong>Trois</strong></span> <span class='ocrx_word' id='word_1_81' title='bbox 587 2379 699 2447; x_wconf 79' lang='lat' dir='ltr'><strong>seliers</strong></span> <span class='ocrx_word' id='word_1_82' title='bbox 716 2376 756 2444; x_wconf 90' lang='lat' dir='ltr'><strong>de</strong></span> <span class='ocrx_word' id='word_1_83' title='bbox 774 2378 846 2469; x_wconf 87' lang='lat' dir='ltr'><strong>pois</strong></span> <span class='ocrx_word' id='word_1_84' title='bbox 857 2391 955 2444; x_wconf 81' lang='lat' dir='ltr'><strong>verts.</strong></span> 
     </span>
     <span class='ocr_line' id='line_1_14' title="bbox 419 2490 875 2562; baseline 0 -2"><span class='ocrx_word' id='word_1_85' title='bbox 419 2501 452 2560; x_wconf 82' lang='lat'><strong>9.</strong></span> <span class='ocrx_word' id='word_1_86' title='bbox 477 2490 531 2562; x_wconf 79' lang='lat' dir='ltr'><strong>Un</strong></span> <span class='ocrx_word' id='word_1_87' title='bbox 547 2494 653 2560; x_wconf 80' lang='lat' dir='ltr'><strong>minet</strong></span> <span class='ocrx_word' id='word_1_88' title='bbox 668 2491 708 2558; x_wconf 87' lang='lat' dir='ltr'><strong>de</strong></span> <span class='ocrx_word' id='word_1_89' title='bbox 724 2491 875 2560; x_wconf 81' lang='lat' dir='ltr'><strong>lentilles.</strong></span> 
     </span>
     <span class='ocr_line' id='line_1_15' title="bbox 396 2606 1734 2703; baseline 0 -25"><span class='ocrx_word' id='word_1_90' title='bbox 396 2620 451 2679; x_wconf 83' lang='lat'><strong>10.</strong></span> <span class='ocrx_word' id='word_1_91' title='bbox 476 2610 571 2703; x_wconf 86' lang='lat' dir='ltr'><strong>Deux</strong></span> <span class='ocrx_word' id='word_1_92' title='bbox 585 2608 694 2676; x_wconf 92' lang='lat' dir='ltr'><strong>muids</strong></span> <span class='ocrx_word' id='word_1_93' title='bbox 711 2608 756 2675; x_wconf 90' lang='lat' dir='ltr'><strong>du</strong></span> <span class='ocrx_word' id='word_1_94' title='bbox 772 2632 848 2700; x_wconf 76' lang='lat' dir='ltr'><strong>gros</strong></span> <span class='ocrx_word' id='word_1_95' title='bbox 867 2608 907 2675; x_wconf 93' lang='lat' dir='ltr'><strong>de</strong></span> <span class='ocrx_word' id='word_1_96' title='bbox 923 2608 1165 2676; x_wconf 81' lang='lat' dir='ltr'><strong>saint-Nicoles</strong></span> <span class='ocrx_word' id='word_1_97' title='bbox 1179 2606 1220 2677; x_wconf 80' lang='lat' dir='ltr'><strong>tle</strong></span> <span class='ocrx_word' id='word_1_98' title='bbox 1234 2607 1402 2692; x_wconf 84' lang='lat' dir='ltr'><strong>Couville,</strong></span> <span class='ocrx_word' id='word_1_99' title='bbox 1420 2631 1485 2703; x_wconf 83' lang='lat' dir='ltr'><strong>que</strong></span> <span class='ocrx_word' id='word_1_100' title='bbox 1501 2610 1546 2679; x_wconf 88' lang='lat' dir='ltr'><strong>les</strong></span> <span class='ocrx_word' id='word_1_101' title='bbox 1563 2610 1734 2702; x_wconf 77' lang='lat' dir='ltr'><strong>religieux.</strong></span> 
     </span>
     <span class='ocr_line' id='line_1_16' title="bbox 528 2721 1652 2814; baseline -0.002 -24"><span class='ocrx_word' id='word_1_102' title='bbox 528 2738 587 2790; x_wconf 88' lang='lat' dir='ltr'><strong>ont</strong></span> <span class='ocrx_word' id='word_1_103' title='bbox 600 2722 688 2790; x_wconf 85' lang='lat' dir='ltr'><strong>droit</strong></span> <span class='ocrx_word' id='word_1_104' title='bbox 704 2721 745 2789; x_wconf 91' lang='lat' dir='ltr'><strong>de</strong></span> <span class='ocrx_word' id='word_1_105' title='bbox 759 2723 929 2814; x_wconf 85' lang='lat' dir='ltr'><strong>percevoir</strong></span> <span class='ocrx_word' id='word_1_106' title='bbox 944 2745 985 2789; x_wconf 91' lang='lat' dir='ltr'><strong>en</strong></span> <span class='ocrx_word' id='word_1_107' title='bbox 1003 2722 1073 2790; x_wconf 88' lang='lat' dir='ltr'><strong>vin.</strong></span> <span class='ocrx_word' id='word_1_108' title='bbox 1649 2730 1652 2735; x_wconf 82' lang='lat'>&#39;</span> 
     </span>
     <span class='ocr_line' id='line_1_17' title="bbox 396 2836 998 2930; baseline 0 -26"><span class='ocrx_word' id='word_1_109' title='bbox 396 2846 451 2905; x_wconf 92' lang='grc'><strong>11.</strong></span> <span class='ocrx_word' id='word_1_110' title='bbox 476 2836 603 2930; x_wconf 82' lang='lat' dir='ltr'><strong>Quatre</strong></span> <span class='ocrx_word' id='word_1_111' title='bbox 618 2852 708 2905; x_wconf 79' lang='lat' dir='ltr'><strong>cents</strong></span> <span class='ocrx_word' id='word_1_112' title='bbox 718 2837 824 2907; x_wconf 77' lang='lat' dir='ltr'><strong>boues</strong></span> <span class='ocrx_word' id='word_1_113' title='bbox 835 2837 876 2905; x_wconf 91' lang='lat' dir='ltr'><strong>de</strong></span> <span class='ocrx_word' id='word_1_114' title='bbox 887 2837 998 2929; x_wconf 84' lang='lat' dir='ltr'><strong>peille.</strong></span> 
     </span>
     <span class='ocr_line' id='line_1_18' title="bbox 397 2950 955 3021; baseline -0.002 -1"><span class='ocrx_word' id='word_1_115' title='bbox 397 2960 453 3021; x_wconf 88' lang='grc'><strong>11.</strong></span> <span class='ocrx_word' id='word_1_116' title='bbox 474 2953 571 3020; x_wconf 85' lang='lat' dir='ltr'><strong>Deux</strong></span> <span class='ocrx_word' id='word_1_117' title='bbox 584 2951 675 3020; x_wconf 90' lang='lat' dir='ltr'><strong>mille</strong></span> <span class='ocrx_word' id='word_1_118' title='bbox 692 2952 797 3021; x_wconf 84' lang='lat' dir='ltr'><strong>hottes</strong></span> <span class='ocrx_word' id='word_1_119' title='bbox 815 2951 856 3020; x_wconf 85' lang='lat' dir='ltr'><strong>de</strong></span> <span class='ocrx_word' id='word_1_120' title='bbox 870 2950 955 3021; x_wconf 80' lang='lat' dir='ltr'><strong>lein.</strong></span> 
     </span>
     <span class='ocr_line' id='line_1_19' title="bbox 396 3067 1157 3137; baseline -0.001 -2"><span class='ocrx_word' id='word_1_121' title='bbox 396 3073 451 3136; x_wconf 83' lang='grc'><strong>13.</strong></span> <span class='ocrx_word' id='word_1_122' title='bbox 475 3067 559 3135; x_wconf 87' lang='lat' dir='ltr'><strong>Cent</strong></span> <span class='ocrx_word' id='word_1_123' title='bbox 576 3068 814 3136; x_wconf 81' lang='lat' dir='ltr'><strong>soixante-huit</strong></span> <span class='ocrx_word' id='word_1_124' title='bbox 828 3068 933 3137; x_wconf 79' lang='lat' dir='ltr'><strong>buttes</strong></span> <span class='ocrx_word' id='word_1_125' title='bbox 950 3067 991 3136; x_wconf 89' lang='lat' dir='ltr'><strong>de</strong></span> <span class='ocrx_word' id='word_1_126' title='bbox 1007 3068 1157 3135; x_wconf 82' lang='lat' dir='ltr'><strong>chaume.</strong></span> 
     </span>
     <span class='ocr_line' id='line_1_20' title="bbox 395 3181 893 3275; baseline 0.006 -27"><span class='ocrx_word' id='word_1_127' title='bbox 395 3186 449 3252; x_wconf 78' lang='grc'><strong>14.</strong></span> <span class='ocrx_word' id='word_1_128' title='bbox 474 3182 604 3275; x_wconf 85' lang='lat' dir='ltr'><strong>Quinze</strong></span> <span class='ocrx_word' id='word_1_129' title='bbox 620 3181 735 3274; x_wconf 79' lang='lat' dir='ltr'><strong>gerhes</strong></span> <span class='ocrx_word' id='word_1_130' title='bbox 747 3182 788 3249; x_wconf 92' lang='lat' dir='ltr'><strong>de</strong></span> <span class='ocrx_word' id='word_1_131' title='bbox 806 3182 893 3273; x_wconf 78' lang='lat' dir='ltr'><strong>gleu.</strong></span> 
     </span>
     <span class='ocr_line' id='line_1_21' title="bbox 396 3297 627 3365; baseline 0 -1"><span class='ocrx_word' id='word_1_132' title='bbox 396 3303 450 3364; x_wconf 85' lang='grc'><strong>15.</strong></span> <span class='ocrx_word' id='word_1_133' title='bbox 476 3297 549 3365; x_wconf 86' lang='lat' dir='ltr'><strong>Une</strong></span> <span class='ocrx_word' id='word_1_134' title='bbox 562 3297 627 3364; x_wconf 90' lang='lat' dir='ltr'><strong>oie.</strong></span> 
     </span>
     <span class='ocr_line' id='line_1_22' title="bbox 377 3411 833 3505; baseline -0.002 -24"><span class='ocrx_word' id='word_1_135' title='bbox 377 3418 449 3493; x_wconf 68' lang='grc'><strong>16.</strong></span> <span class='ocrx_word' id='word_1_136' title='bbox 474 3414 658 3481; x_wconf 83' lang='lat' dir='ltr'><strong>Trente·un</strong></span> <span class='ocrx_word' id='word_1_137' title='bbox 677 3411 833 3505; x_wconf 75' lang='lat' dir='ltr'><strong>chepons.</strong></span> 
     </span>
     <span class='ocr_line' id='line_1_23' title="bbox 380 3506 1134 3618; baseline -0.003 -23"><span class='ocrx_word' id='word_1_138' title='bbox 380 3506 449 3596; x_wconf 60' lang='lat'><strong>²1⁷.</strong></span> <span class='ocrx_word' id='word_1_139' title='bbox 473 3527 568 3594; x_wconf 83' lang='lat' dir='ltr'><strong>Deux</strong></span> <span class='ocrx_word' id='word_1_140' title='bbox 585 3541 660 3593; x_wconf 84' lang='lat' dir='ltr'><strong>cent</strong></span> <span class='ocrx_word' id='word_1_141' title='bbox 674 3524 994 3618; x_wconf 55' lang='lat' dir='ltr'><strong>quatre-vingeneul</strong></span> <span class='ocrx_word' id='word_1_142' title='bbox 1008 3526 1134 3618; x_wconf 86' lang='lat' dir='ltr'><strong>poules.</strong></span> 
     </span>
     <span class='ocr_line' id='line_1_24' title="bbox 394 3639 868 3713; baseline -0.006 -2"><span class='ocrx_word' id='word_1_143' title='bbox 394 3651 449 3713; x_wconf 78' lang='lat'><strong>1⁸.</strong></span> <span class='ocrx_word' id='word_1_144' title='bbox 471 3643 568 3710; x_wconf 83' lang='lat' dir='ltr'><strong>Deux</strong></span> <span class='ocrx_word' id='word_1_145' title='bbox 582 3657 658 3710; x_wconf 83' lang='lat' dir='ltr'><strong>cent</strong></span> <span class='ocrx_word' id='word_1_146' title='bbox 672 3640 758 3709; x_wconf 85' lang='lat' dir='ltr'><strong>deux</strong></span> <span class='ocrx_word' id='word_1_147' title='bbox 771 3639 868 3709; x_wconf 82' lang='lat' dir='ltr'>oeuss.</span> 
     </span>
     <span class='ocr_line' id='line_1_25' title="bbox 394 3755 883 3849; baseline -0.004 -24"><span class='ocrx_word' id='word_1_148' title='bbox 394 3764 449 3828; x_wconf 82' lang='lat'><strong>19.</strong></span> <span class='ocrx_word' id='word_1_149' title='bbox 471 3755 626 3826; x_wconf 81' lang='lat' dir='ltr'><strong>nix-huit</strong></span> <span class='ocrx_word' id='word_1_150' title='bbox 643 3757 883 3849; x_wconf 69' lang='lat' dir='ltr'><strong>pigeonneaure</strong></span> 
     </span>
     <span class='ocr_line' id='line_1_26' title="bbox 392 3868 1015 3960; baseline -0.002 -23"><span class='ocrx_word' id='word_1_151' title='bbox 392 3878 449 3937; x_wconf 87' lang='grc'><strong>10.</strong></span> <span class='ocrx_word' id='word_1_152' title='bbox 474 3870 724 3960; x_wconf 73' lang='lat' dir='ltr'><strong>(linquente-six</strong></span> <span class='ocrx_word' id='word_1_153' title='bbox 741 3869 837 3936; x_wconf 85' lang='lat' dir='ltr'><strong>livres</strong></span> <span class='ocrx_word' id='word_1_154' title='bbox 854 3868 894 3937; x_wconf 90' lang='lat' dir='ltr'><strong>de</strong></span> <span class='ocrx_word' id='word_1_155' title='bbox 910 3891 1015 3937; x_wconf 85' lang='lat' dir='ltr'><strong>sucre.</strong></span> 
     </span>
     <span class='ocr_line' id='line_1_27' title="bbox 392 3983 810 4054; baseline 0.005 -2"><span class='ocrx_word' id='word_1_156' title='bbox 392 3992 448 4054; x_wconf 88' lang='grc'><strong>11.</strong></span> <span class='ocrx_word' id='word_1_157' title='bbox 472 3985 528 4053; x_wconf 89' lang='lat' dir='ltr'><strong>Un</strong></span> <span class='ocrx_word' id='word_1_158' title='bbox 545 3985 651 4052; x_wconf 86' lang='lat' dir='ltr'><strong>minot</strong></span> <span class='ocrx_word' id='word_1_159' title='bbox 666 3983 706 4053; x_wconf 92' lang='lat' dir='ltr'><strong>de</strong></span> <span class='ocrx_word' id='word_1_160' title='bbox 720 3984 810 4054; x_wconf 83' lang='lat' dir='ltr'><strong>noix.</strong></span> 
     </span>
     <span class='ocr_line' id='line_1_28' title="bbox 392 4084 878 4169; baseline -0.002 -2"><span class='ocrx_word' id='word_1_161' title='bbox 392 4106 448 4168; x_wconf 89' lang='grc'><strong>11.</strong></span> <span class='ocrx_word' id='word_1_162' title='bbox 472 4101 584 4168; x_wconf 90' lang='lat' dir='ltr'><strong>Douze</strong></span> <span class='ocrx_word' id='word_1_163' title='bbox 600 4099 704 4167; x_wconf 88' lang='lat' dir='ltr'><strong>hottes</strong></span> <span class='ocrx_word' id='word_1_164' title='bbox 719 4099 759 4167; x_wconf 91' lang='lat' dir='ltr'><strong>de</strong></span> <span class='ocrx_word' id='word_1_165' title='bbox 774 4084 878 4169; x_wconf 72' lang='lat' dir='ltr'><strong>mres.</strong></span> 
     </span>
     <span class='ocr_line' id='line_1_29' title="bbox 392 4215 1641 4310; baseline 0.006 -27"><span class='ocrx_word' id='word_1_166' title='bbox 392 4221 449 4283; x_wconf 77' lang='grc'><strong>11.</strong></span> <span class='ocrx_word' id='word_1_167' title='bbox 474 4216 536 4284; x_wconf 89' lang='lat' dir='ltr'><strong>Les</strong></span> <span class='ocrx_word' id='word_1_168' title='bbox 553 4216 693 4299; x_wconf 66' lang='lat' dir='ltr'><strong>eludes,</strong></span> <span class='ocrx_word' id='word_1_169' title='bbox 711 4215 757 4285; x_wconf 84' lang='lat' dir='ltr'><strong>les</strong></span> <span class='ocrx_word' id='word_1_170' title='bbox 771 4216 887 4286; x_wconf 86' lang='lat' dir='ltr'><strong>herbes</strong></span> <span class='ocrx_word' id='word_1_171' title='bbox 901 4233 934 4286; x_wconf 90' lang='lat' dir='ltr'><strong>et</strong></span> <span class='ocrx_word' id='word_1_172' title='bbox 950 4217 1067 4287; x_wconf 73' lang='lat' dir='ltr'><strong>laitues</strong></span> <span class='ocrx_word' id='word_1_173' title='bbox 1079 4242 1163 4310; x_wconf 90' lang='lat' dir='ltr'><strong>pour</strong></span> <span class='ocrx_word' id='word_1_174' title='bbox 1178 4220 1209 4287; x_wconf 93' lang='lat' dir='ltr'><strong>le</strong></span> <span class='ocrx_word' id='word_1_175' title='bbox 1222 4220 1300 4309; x_wconf 82' lang='lat' dir='ltr'><strong>jour</strong></span> <span class='ocrx_word' id='word_1_176' title='bbox 1314 4219 1360 4287; x_wconf 84' lang='lat' dir='ltr'><strong>du</strong></span> <span class='ocrx_word' id='word_1_177' title='bbox 1375 4216 1531 4289; x_wconf 80' lang='lat' dir='ltr'><strong>vendredi</strong></span> <span class='ocrx_word' id='word_1_178' title='bbox 1544 4224 1641 4291; x_wconf 51' lang='lat' dir='ltr'><strong>saints</strong></span> 
     </span>
     <span class='ocr_line' id='line_1_30' title="bbox 392 4330 818 4400; baseline 0 -2"><span class='ocrx_word' id='word_1_179' title='bbox 392 4335 449 4398; x_wconf 74' lang='grc'><strong>14.</strong></span> <span class='ocrx_word' id='word_1_180' title='bbox 473 4332 555 4400; x_wconf 83' lang='lat' dir='ltr'><strong>Huit</strong></span> <span class='ocrx_word' id='word_1_181' title='bbox 569 4331 666 4399; x_wconf 78' lang='lat' dir='ltr'><strong>livree</strong></span> <span class='ocrx_word' id='word_1_182' title='bbox 683 4330 724 4398; x_wconf 92' lang='lat' dir='ltr'><strong>de</strong></span> <span class='ocrx_word' id='word_1_183' title='bbox 738 4333 818 4399; x_wconf 83' lang='lat' dir='ltr'><strong>cire.</strong></span> 
     </span>
    </p>
   </div>
   <div class='ocr_carea' id='block_1_5' title="bbox 306 4473 1715 4868">
    <p class='ocr_par' dir='ltr' id='par_1_5' title="bbox 306 4473 1715 4868">
     <span class='ocr_line' id='line_1_31' title="bbox 306 4473 1715 4590; baseline 0.009 -43"><span class='ocrx_word' id='word_1_184' title='bbox 306 4537 311 4547; x_wconf 95' lang='lat'>.</span> <span class='ocrx_word' id='word_1_185' title='bbox 380 4473 414 4553; x_wconf 97' lang='lat' dir='ltr'><strong>ll</strong></span> <span class='ocrx_word' id='word_1_186' title='bbox 430 4493 489 4554; x_wconf 85' lang='lat' dir='ltr'><strong>est</strong></span> <span class='ocrx_word' id='word_1_187' title='bbox 506 4477 529 4554; x_wconf 68' lang='lat' dir='ltr'><strong>l</strong></span> <span class='ocrx_word' id='word_1_188' title='bbox 544 4493 661 4555; x_wconf 88' lang='lat' dir='ltr'><strong>noter</strong></span> <span class='ocrx_word' id='word_1_189' title='bbox 677 4503 755 4586; x_wconf 89' lang='lat' dir='ltr'><strong>que</strong></span> <span class='ocrx_word' id='word_1_190' title='bbox 770 4475 824 4554; x_wconf 86' lang='lat' dir='ltr'><strong>les</strong></span> <span class='ocrx_word' id='word_1_191' title='bbox 838 4503 1005 4555; x_wconf 87' lang='lat' dir='ltr'><strong>revenus</strong></span> <span class='ocrx_word' id='word_1_192' title='bbox 1019 4475 1088 4556; x_wconf 85' lang='lat' dir='ltr'><strong>des</strong></span> <span class='ocrx_word' id='word_1_193' title='bbox 1105 4479 1197 4587; x_wconf 90' lang='lat' dir='ltr'><strong>cinq</strong></span> <span class='ocrx_word' id='word_1_194' title='bbox 1213 4479 1392 4588; x_wconf 80' lang='lat' dir='ltr'><strong>prieure&#39;s</strong></span> <span class='ocrx_word' id='word_1_195' title='bbox 1405 4479 1506 4560; x_wconf 86' lang='lat' dir='ltr'><strong>dont</strong></span> <span class='ocrx_word' id='word_1_196' title='bbox 1519 4482 1715 4590; x_wconf 75' lang='lat' dir='ltr'><strong>jouissent</strong></span> 
     </span>
     <span class='ocr_line' id='line_1_32' title="bbox 323 4607 1398 4720; baseline 0.007 -33"><span class='ocrx_word' id='word_1_197' title='bbox 323 4607 379 4690; x_wconf 83' lang='lat' dir='ltr'><strong>les</strong></span> <span class='ocrx_word' id='word_1_198' title='bbox 400 4612 588 4719; x_wconf 82' lang='lat' dir='ltr'><strong>religieux</strong></span> <span class='ocrx_word' id='word_1_199' title='bbox 610 4630 703 4692; x_wconf 87' lang='lat' dir='ltr'><strong>sont</strong></span> <span class='ocrx_word' id='word_1_200' title='bbox 723 4614 897 4720; x_wconf 86' lang='lat' dir='ltr'><strong>compris</strong></span> <span class='ocrx_word' id='word_1_201' title='bbox 917 4610 1017 4692; x_wconf 87' lang='lat' dir='ltr'>dans</span> <span class='ocrx_word' id='word_1_202' title='bbox 1037 4632 1099 4694; x_wconf 92' lang='lat' dir='ltr'><strong>cet</strong></span> <span class='ocrx_word' id='word_1_203' title='bbox 1115 4613 1218 4712; x_wconf 75' lang='lat' dir='ltr'><strong>etat,</strong></span> <span class='ocrx_word' id='word_1_204' title='bbox 1239 4618 1398 4697; x_wconf 83' lang='lat' dir='ltr'><strong>savoir:</strong></span> 
     </span>
     <span class='ocr_line' id='line_1_33' title="bbox 369 4766 1495 4868; baseline 0.005 -30"><span class='ocrx_word' id='word_1_205' title='bbox 369 4770 415 4838; x_wconf 84' lang='lat' dir='ltr'><strong>Le</strong></span> <span class='ocrx_word' id='word_1_206' title='bbox 432 4773 561 4866; x_wconf 76' lang='lat' dir='ltr'><strong>prieure</strong></span> <span class='ocrx_word' id='word_1_207' title='bbox 574 4772 616 4840; x_wconf 92' lang='lat' dir='ltr'><strong>de</strong></span> <span class='ocrx_word' id='word_1_208' title='bbox 630 4772 852 4840; x_wconf 63' lang='lat' dir='ltr'><strong>Neue-Deme</strong></span> <span class='ocrx_word' id='word_1_209' title='bbox 870 4766 1078 4842; x_wconf 82' lang='lat' dir='ltr'><strong>‹l&#39;Ahonville</strong></span> <span class='ocrx_word' id='word_1_210' title='bbox 1091 4798 1176 4868; x_wconf 88' lang='lat' dir='ltr'><strong>pour</strong></span> <span class='ocrx_word' id='word_1_211' title='bbox 1187 4776 1269 4844; x_wconf 72' lang='lat' dir='ltr'><strong>neus</strong></span> <span class='ocrx_word' id='word_1_212' title='bbox 1281 4793 1370 4845; x_wconf 84' lang='lat' dir='ltr'><strong>cents</strong></span> <span class='ocrx_word' id='word_1_213' title='bbox 1383 4776 1495 4862; x_wconf 78' lang='lat' dir='ltr'><strong>livres3</strong></span> 
     </span>
    </p>
   </div>
   <div class='ocr_carea' id='block_1_6' title="bbox 327 4885 1711 5087">
    <p class='ocr_par' dir='ltr' id='par_1_6' title="bbox 327 4885 1711 5087">
     <span class='ocr_line' id='line_1_34' title="bbox 367 4885 1711 4982; baseline 0.004 -28"><span class='ocrx_word' id='word_1_214' title='bbox 367 4885 414 4954; x_wconf 85' lang='lat' dir='ltr'><strong>Le</strong></span> <span class='ocrx_word' id='word_1_215' title='bbox 425 4888 554 4980; x_wconf 77' lang='lat' dir='ltr'><strong>prieure</strong></span> <span class='ocrx_word' id='word_1_216' title='bbox 572 4888 613 4956; x_wconf 89' lang='lat' dir='ltr'><strong>de</strong></span> <span class='ocrx_word' id='word_1_217' title='bbox 630 4887 1078 4958; x_wconf 78' lang='lat' dir='ltr'><strong>seint-Germainles-Alluie</strong></span> <span class='ocrx_word' id='word_1_218' title='bbox 1095 4915 1179 4982; x_wconf 87' lang='lat' dir='ltr'><strong>pour</strong></span> <span class='ocrx_word' id='word_1_219' title='bbox 1193 4893 1369 4982; x_wconf 77' lang='lat' dir='ltr'><strong>vingt-huit</strong></span> <span class='ocrx_word' id='word_1_220' title='bbox 1389 4894 1498 4960; x_wconf 79' lang='lat' dir='ltr'><strong>setiers</strong></span> <span class='ocrx_word' id='word_1_221' title='bbox 1522 4893 1561 4959; x_wconf 88' lang='lat' dir='ltr'><strong>de</strong></span> <span class='ocrx_word' id='word_1_222' title='bbox 1579 4893 1631 4960; x_wconf 74' lang='lat' dir='ltr'><strong>ble</strong></span> <span class='ocrx_word' id='word_1_223' title='bbox 1643 4900 1711 4960; x_wconf 75' lang='lat' dir='ltr'><strong>me·</strong></span> 
     </span>
     <span class='ocr_line' id='line_1_35' title="bbox 327 4997 783 5087; baseline 0.009 -20"><span class='ocrx_word' id='word_1_224' title='bbox 327 4997 404 5087; x_wconf 79' lang='lat' dir='ltr'><strong>teil,</strong></span> <span class='ocrx_word' id='word_1_225' title='bbox 419 5025 546 5071; x_wconf 85' lang='lat' dir='ltr'><strong>mesure</strong></span> <span class='ocrx_word' id='word_1_226' title='bbox 561 5002 602 5072; x_wconf 89' lang='lat' dir='ltr'><strong>de</strong></span> <span class='ocrx_word' id='word_1_227' title='bbox 617 5003 783 5072; x_wconf 69' lang='lat' dir='ltr'><strong>Chertres,</strong></span> 
     </span>
    </p>
   </div>
   <div class='ocr_carea' id='block_1_7' title="bbox 0 0 2236 6120">
    <p class='ocr_par' dir='ltr' id='par_1_7' title="bbox 0 0 2236 6120">
     <span class='ocr_line' id='line_1_36' title="bbox 0 0 2236 6120; baseline 0 0"><span class='ocrx_word' id='word_1_228' title='bbox 0 0 2236 6120; x_wconf 95' lang='lat' dir='ltr'><strong> </strong></span> 
     </span>
    </p>
   </div>
  </div>
 </body>
</html>
