4462 6120
797 996 800 1002 ’
842 989 1213 1137 CAPITULUM'
1234 990 1301 1082 ΙΙ.

778 1237 822 1298 De
836 1237 921 1299 rebus
936 1240 1010 1300 datis
1024 1262 1077 1323 pro
1090 1241 1255 1303 VViddoue
1270 1260 1370 1323 puero.

429 1524 446 1562 u
460 1494 501 1563 ln
516 1492 665 1566 nomine
673 1490 821 1564 Domini
832 1491 951 1566 nostri
961 1490 1067 1570 lbesu
1080 1490 1230 1583 Christi,
1242 1490 1443 1567 conditoris
1453 1491 1619 1565 omnium
1631 1517 1768 1565 rerum.

376 1616 456 1714 Ego
478 1604 692 1687 Eustiichius
713 1612 822 1685 abbas
839 1629 876 1686 et
892 1613 1010 1686 omnis
1028 1598 1262 1714 congregatio
1280 1613 1544 1689 monachorum
1563 1614 1677 1695 sancti
1698 1615 1769 1687 Pe-

377 1738 424 1810 tri
446 1736 608 1810 coenobii
627 1736 878 1825 carnotensis,
900 1752 1031 1809 notum
1050 1764 1122 1811 esse
1144 1737 1311 1812 volumus
1330 1751 1404 1825 mm
1419 1737 1646 1837 presentibus
1660 1760 1770 1837 quam

251 1884 256 1894 ·
376 1861 510 1934 futuris
533 1876 667 1933 sanctae
684 1859 748 1932 Dei
768 1858 938 1931 aecclesiae
958 1858 1125 1933 fidelibus
1135 1914 1146 1948 ‚
1166 1861 1250 1960 quia
1267 1858 1355 1932 adiit
1374 1875 1538 1933 nostram
1553 1859 1771 1958 presentiam

377 1980 541 2083 quaedam
568 1996 734 2053 matrona
757 1977 919 2079 bigama,
945 1981 1095 2054 nomine
1117 1980 1198 2054 Gila
1218 1980 1262 2054 de
1290 1982 1457 2073 Persico,
1483 1980 1618 2054 habens
1643 2005 1774 2080 pueros

376 2102 467 2177 duos
486 2102 529 2175 de
541 2101 726 2192 Huberto,
745 2103 866 2201 primo
885 2101 1018 2176 seniori
1038 2127 1123 2190 suo,
1139 2103 1334 2176 Vivianum
1348 2102 1484 2176 seilicet
1498 2129 1538 2175 ac
1550 2100 1770 2191 Widonem3

378 2251 535 2324 quorum
546 2225 734 2322 juniorem
754 2222 891 2296 obtulit
914 2222 989 2296 Deo
1017 2239 1053 2295 et
1078 2238 1203 2296 sancto
1227 2225 1358 2313 Petro,
1384 2221 1428 2296 ad
1452 2220 1680 2298 serviendum
1701 2221 1773 2313 ibi,

376 2345 550 2446 quamdiu
569 2346 725 2437 viveret,
748 2345 786 2417 in
809 2359 940 2416 sanctae
965 2345 1152 2444 religionis
1173 2346 1365 2445 proposito
1383 2359 1420 2417 et
1436 2344 1537 2417 abitu
1555 2343 1771 2432 monachili3

377 2484 485 2568 atque
503 2467 547 2540 de
563 2466 670 2540 rebus
686 2467 739 2539 sui
752 2466 846 2566 juris
865 2466 992 2566 largita
1012 2482 1066 2539 est
1089 2481 1213 2541 sancto
1234 2468 1343 2540 Petro
1359 2462 1588 2539 medietatem
1604 2465 1714 2538 saltus
1729 2463 1775 2538 de

376 2589 549 2678 Bustello,
565 2603 602 2661 et
613 2589 829 2688 agripennos
842 2585 934 2661 duos
947 2589 1041 2687 prati
1049 2616 1060 2675 ;
1078 2612 1299 2687 censumque
1312 2599 1421 2689 quem
1434 2585 1603 2661 dabamus
1619 2587 1664 2660 de
1677 2604 1774 2660 terra
1816 2670 1818 2674 ¹

378 2737 460 2811 quae
476 2709 610 2783 dicitur
622 2707 716 2782 Mala
729 2708 880 2782 Cultura
893 2709 1056 2799 remisit,
1072 2725 1108 2782 et
1123 2710 1160 2781 in
1175 2709 1328 2809 proprio
1341 2706 1452 2785 bosco
1466 2709 1676 2810 pasnagium
1688 2734 1773 2809 por·

379 2858 507 2906 corum
522 2847 736 2906 nostrorum
748 2831 900 2930 singulis
910 2832 1017 2917 annis
1034 2831 1210 2905 concessit
1216 2859 1227 2920 3
1245 2846 1282 2904 et
1294 2831 1421 2906 domos
1436 2846 1577 2907 nostras
1590 2846 1626 2904 et
1641 2828 1772 2904 horrea

375 2950 419 3028 de
433 2928 459 2972 '¹
505 2936 653 3043 ¹bosco,
711 2970 720 3045 j
810 2968 813 2973 '
822 2979 887 3051 pus
903 2951 1036 3039 fuerit,
1052 2951 1271 3042 reedificare,
1287 2944 1480 3052 ignemque
1491 2951 1621 3027 domus
1634 2967 1771 3026 nostrae

376 3101 419 3150 co
489 3101 509 3148 e
537 3060 679 3148 nutrire
696 3056 821 3174 inuit.
847 3073 934 3144 Haec
955 3074 1078 3145 omnia
1098 3073 1275 3145 Vivianus
1296 3077 1374 3170 jam
1401 3070 1538 3165 dictus,
1555 3071 1651 3147 filius
1673 3077 1772 3172 ejus,

375 3198 543 3285 assensit,
557 3193 768 3294 donumque
785 3219 869 3266 cum
882 3208 997 3267 matre
1013 3220 1121 3292 super
1138 3190 1249 3268 altare
1264 3193 1378 3265 sanctl
1392 3192 1490 3266 Petri
1507 3195 1641 3293 posuit.
1660 3194 1774 3294 Hujus

375 3308 427 3392 rei
441 3317 665 3417 fidejussores
678 3340 718 3387 ac
737 3302 842 3388 testes
857 3314 1009 3388 fuerunt
1028 3312 1078 3387 hii
1093 3346 1101 3386 ε
1116 3312 1331 3406 Fulbertus,
1346 3311 1528 3412 presbiter
1539 3312 1583 3389 de
1595 3313 1751 3391 Roberia
1759 3347 1770 3409 ς

375 3439 630 3540 Amalguinus,
658 3435 839 3536 Sulpicius
866 3434 1037 3524 clericus,
1065 3432 1271 3511 Radbertus
1297 3432 1342 3508 de
1370 3426 1551 3528 Reducis,
1580 3436 1772 3512 Durandus

376 3560 549 3636 Ketellus.
573 3558 631 3632 Ex
647 3573 771 3632 nostra
788 3572 920 3659 parte:
941 3555 1127 3632 Teduinus
1144 3575 1180 3632 et
1197 3556 1378 3647 Gaudius,
1401 3554 1531 3632 fratres
1541 3588 1551 3647 3
1571 3557 1773 3659 Stephanus

376 3702 412 3758 et
437 3670 628 3772 Salomon,
653 3681 802 3771 fratres;
829 3678 1036 3780 Oydelerius
1054 3697 1090 3755 et
1110 3677 1314 3755 Rodbertus
1323 3708 1337 3769 ‚¹
1357 3679 1486 3753 fratres
1493 3709 1504 3771 3
1528 3678 1769 3772 fulchardus,

376 3803 551 3879 Aventius
568 3821 604 3878 et
621 3802 795 3899 Lorinus,
811 3802 961 3892 fratres3
979 3803 1194 3877 Laurentius
1211 3800 1473 3891 cubicularius,
1493 3799 1685 3876 Gilduinus
1700 3830 1771 3877 ma·

376 3927 450 4018 tio,
478 3905 662 4019 Guarinus
688 3927 905 4001 cellerarius.
934 3927 1005 4001 Pro
1031 3924 1180 4025 prefatis
1205 3923 1312 3999 rebus
1336 3920 1497 3997 dedimus
1514 3923 1705 4000 Willelmo
1726 3923 1771 4000 de

376 4047 518 4121 Bai'ndis
539 4036 681 4138 Terris,
710 4072 753 4121 ex
780 4052 879 4150 cujus
905 4046 1084 4123 beneficio
1113 4061 1234 4137 erant,
1261 4046 1300 4119 X
1322 4045 1456 4120 solidos
1477 4037 1714 4121 nummorum
1734 4061 1772 4120 et

376 4154 558 4246 orationes
570 4170 661 4261 loci;
676 4186 712 4243 et
725 4196 905 4244 assensum
917 4169 1077 4270 prebuit.
1099 4171 1136 4243 Si
1152 4170 1233 4271 quis
1252 4185 1374 4243 autem
1386 4167 1561 4269 profanus
1577 4167 1770 4273 aliquando

308 4299 310 4306 '
377 4292 460 4366 huic
477 4293 529 4365 rei
550 4288 730 4366 contraire
742 4294 917 4383 voluerit,
934 4295 1002 4366 nisi
1019 4294 1092 4369 cito
1106 4293 1372 4392 resipuerit,'in
1383 4292 1453 4368 olla
1465 4291 1620 4367 Vulcani
1635 4290 1769 4366 demer-

376 4441 453 4505 sus,
475 4442 558 4488 cum
575 4413 799 4491 Theoderico
816 4415 972 4517 profano
988 4440 1091 4517 rege,
1111 4417 1242 4491 sentiat
1260 4432 1387 4518 poenas
1403 4409 1610 4517 perpetuas.
1628 4444 1646 4484 u
