4462 6120
428 735 472 805 10
949 727 1296 804 MONASTERIUM

423 879 513 952 tavit
542 895 651 980 atque
680 877 866 968 distraxit,
898 895 1011 951 terras
1043 901 1190 978 quoque
1223 877 1418 950 sanctuarii
1448 903 1537 980 quas
1566 879 1821 981 religiosorum

422 1002 587 1076 virorum
610 1000 862 1075 munificentia
879 1000 1048 1090 dederat,
1070 1000 1108 1071 in
1132 997 1265 1099 quibus
1288 999 1483 1074 extendere
1505 1028 1657 1075 manum
1679 1002 1820 1102 potuit,

422 1125 581 1225 propriis
602 1124 727 1198 usibus
752 1123 995 1224 stipendiariis
1018 1122 1225 1221 mancipare
1250 1147 1327 1196 non
1352 1124 1496 1214 timuit,
1516 1127 1660 1226 suisque
1677 1123 1823 1199 domes·

423 1247 521 1337 ticis,
539 1274 628 1321 ausu
652 1250 868 1338 temerario,
901 1250 940 1320 in
966 1245 1144 1320 beneficio
1171 1245 1332 1320 dividere
1357 1249 1600 1349 praesumpsit.
1628 1246 1823 1322 lmbecillis

421 1388 543 1447 autem
559 1369 666 1445 turba
683 1372 968 1460 monachorum,
987 1397 1070 1472 quae
1086 1369 1137 1443 ihi
1151 1385 1389 1461 remanserat,
1405 1372 1523 1444 nescia
1542 1397 1616 1474 quo
1633 1384 1820 1471 pergeret,

421 1523 440 1568 a
458 1496 616 1596 praesule
632 1521 738 1596 parce
754 1521 795 1568 ac
813 1496 1051 1570 inclementer
1069 1492 1244 1567 alebatur.
1265 1495 1419 1568 Interim
1439 1493 1541 1569 locus
1557 1494 1648 1569 olim
1671 1491 1823 1567 celebris

421 1634 529 1720 atque
551 1619 820 1718 opinatissimus
840 1617 1016 1718 paulatim
1038 1616 1265 1704 decrescens,
1286 1616 1440 1716 pristina
1465 1616 1613 1718 quidem
1644 1615 1821 1716 dignitate

421 1741 612 1842 officioque
622 1740 731 1816 solito
741 1740 1101 1842 viduatus,apopulo
1111 1739 1453 1814 nullaveneratione
1461 1739 1593 1841 dignus
1602 1738 1817 1813 habebatur.

469 1866 556 1939 Post
575 1890 652 1937 non
667 1864 827 1936 multum
845 1890 932 1939 vero
954 1865 1149 1963 temporis,
1172 1877 1321 1937 mortuo
1339 1864 1510 1963 episcopo
1526 1864 1625 1954 Elia,
1639 1864 1703 1965 qui
1721 1860 1820 1934 hunc

420 1985 543 2061 locum
563 1986 745 2087 regalibus
767 1988 884 2060 titulis
907 1988 1143 2087 insignitum,
1164 1985 1329 2060 demonis
1355 1985 1433 2059 face
1459 2012 1669 2074 succensus,
1695 1984 1740 2057 ad
1760 1984 1821 2057 ni·

420 2106 558 2181 chilum
577 2107 703 2197 duxit,
722 2125 831 2211 atque
859 2110 1016 2184 alterum
1044 2109 1378 2183 sanctimonialium
1403 2109 1618 2185 coenobium
1635 2110 1673 2181 in
1691 2122 1819 2182 monte

418 2235 624 2333 leugarum
646 2258 723 2306 non
741 2232 849 2333 longe
871 2231 917 2305 ab
940 2231 1032 2305 urbe
1054 2231 1255 2306 Carnotum
1278 2232 1462 2332 eleganter
1482 2234 1592 2305 situm
1612 2232 1690 2306 solo
1713 2247 1819 2304 tenus

418 2352 616 2444 destruxit,
636 2353 778 2430 hostilis
794 2381 922 2428 manus
936 2355 1121 2428 civitatem
1138 2352 1328 2428 obsidione
1343 2356 1439 2456 cepit
1455 2370 1511 2446 et,
1528 2356 1622 2428 sicut
1635 2352 1819 2454 'praemisi-

418 2502 516 2567 mus,
536 2479 621 2577 igne
639 2477 825 2552 succendit
838 2494 869 2551 ¹.
895 2480 1001 2551 Tunc
1021 2477 1190 2578 equidem
1208 2502 1303 2576 saepe
1325 2475 1444 2550 dictus
1464 2480 1566 2552 locus
1583 2477 1629 2551 ab
1652 2473 1817 2551 hostibus

417 2599 683 2700 prophanatus,
701 2600 847 2701 ignibus
864 2602 973 2675 etiam
989 2615 1257 2675 concrematur.

466 2884 562 2958 Vlll.
583 2885 671 2958 Pace
685 2910 787 2972 vero,
804 2883 926 2957 divina
938 2886 1216 2985 propiciatione,
1234 2883 1386 2975 reddita,
1405 2885 1596 2986 aquodam
1608 2888 1814 2988 episcopo²,

417 3005 543 3081 divino
562 3008 752 3098 instinctu,
771 3034 884 3108 parvo
898 3009 984 3081 licet
1004 3022 1156 3082 scemate
1172 3006 1416 3082 reedificatus⁸
1426 3063 1437 3098 ,
1459 3009 1677 3085 clericorum
1693 3011 1818 3084 officiis

418 3154 501 3204 cum
512 3131 659 3205 modico
675 3157 785 3206 censu
802 3128 957 3205 traditus
974 3157 1047 3205 esse
1064 3130 1291 3232 perhibetur.

464 3402 532 3474 lX.
547 3403 820 3490 Verumtamen,
836 3405 971 3476 civium
985 3403 1099 3504 culpis
1113 3403 1355 3504 exigentibus,
1373 3432 1391 3477 a
1405 3405 1553 3506 paganis
1567 3406 1816 3479 transmarinis

415 3524 502 3597 urbs
524 3553 671 3598 rursum
688 3544 861 3616 vastatur,
883 3545 918 3601 et
942 3528 1014 3626 ipse
1033 3527 1134 3601 locus
1157 3526 1322 3600 funditus
1344 3526 1564 3618 destruitur,
1585 3545 1621 3603 et
1638 3554 1754 3629 usque
1772 3527 1816 3602 ad

416 3664 556 3748 tempus
571 3651 791 3750 Haganonis,
804 3651 953 3750 gloriosi
968 3651 1146 3752 praesulis,
1162 3653 1210 3724 ita
1227 3653 1439 3751 permansit.
1453 3651 1524 3746 Qui
1542 3651 1659 3725 clarus
1672 3653 1814 3752 generis

414 3768 606 3846 nobilitate
630 3799 670 3845 ac
694 3771 936 3846 humanarum
959 3801 1084 3849 rerum
1105 3776 1219 3874 copiis
1243 3774 1477 3864 habundans,
1502 3773 1682 3878 bonisque
1695 3776 1816 3848 virtu-

415 3892 513 3967 tibus
529 3896 707 3985 emicans,
727 3894 918 3970 condoluit
931 3897 1053 3972 locum
1068 3897 1157 3972 olim
1174 3896 1320 4000 quidem
1338 3897 1384 3971 ab
1404 3898 1615 3973 hominibus
1632 3925 1813 3973 veneran-

414 4012 521 4107 dum,
555 4043 655 4090 nunc
679 4034 800 4091 autem
826 4018 1020 4094 admodum
1042 4019 1250 4120 neglectum
1268 4038 1305 4095 et
1333 4022 1370 4094 in
1391 4020 1587 4096 solitudine
1612 4020 1810 4096 redactum.

411 4139 554 4213 Divinae
566 4141 714 4214 virtutis
727 4140 803 4217 zelo
818 4166 1025 4233 succensus,
1042 4144 1204 4215 accersiit
1222 4142 1384 4244 lapidum
1398 4170 1535 4218 cesores
1547 4161 1656 4247 atque
1670 4170 1815 4219 cemen-

413 4263 538 4357 tarios,
558 4264 725 4363 inpensas
744 4264 890 4356 tribuit,
909 4292 1130 4367 magnopere
1146 4265 1268 4340 locum
1287 4267 1405 4367 ipsum
1420 4285 1620 4342 restaurare
1633 4271 1646 4321 ⁴
1658 4267 1810 4368 jubens,

455 4574 464 4599 ¹
484 4561 557 4622 Cod.
580 4561 603 4621 B
624 4562 773 4644 subjungit
794 4587 802 4622 s
827 4566 924 4647 Atque
944 4563 1095 4624 christiani
1131 4587 1185 4649 que
1204 4567 1307 4646 officiis
1325 4589 1390 4626 cum
1412 4567 1520 4626 modico
1545 4589 1631 4626 censu
1648 4565 1814 4650 perhibetur

412 4658 534 4719 diversis
547 4660 685 4720 mortibus
699 4660 780 4718 vetas
789 4661 917 4743 pecudes
931 4663 1091 4722 laniantur.
1130 4687 1192 4724 esse
1210 4666 1337 4739 traditu
1355 4666 1475 4738 deinde,
1501 4667 1649 4726 meliorato
1671 4681 1811 4749 tempore,

452 4765 464 4793 ⁸
478 4757 501 4817 B
516 4782 523 4817 s
537 4761 568 4818 A
581 4780 743 4818 successore
754 4759 860 4832 Helia,
873 4781 926 4840 pro
937 4761 1094 4843 aquodam
1130 4762 1302 4824 monachilis
1319 4764 1386 4823 ordo
1397 4764 1540 4823 adibatur.

411 4854 551 4937 episcopo.
1171 4861 1283 4921 4Anno
1297 4861 1411 4920 circiter
1423 4860 1496 4944 930.
1513 4860 1551 4919 D.
1566 4859 1679 4940 Muley.

453 4948 466 4987 ³
480 4952 504 5012 B
517 4977 526 5012 s
545 4953 743 5036 Reedificotur
755 4956 875 5016 mosia
881 5001 891 5030 ,
909 4955 1092 5017 clericorum-
