4462 6120
463 736 531 805 178
978 726 1323 812 uonts'rtulun
1427 801 1433 806 .

397 886 400 893 '
460 876 630 960 omnibus
640 875 813 961 fratribus
825 873 1006 965 diceoen,
1025 890 1201 976 quatenus
1217 877 1307 960 mihi
1324 875 1610 964 absolutionem,
1627 873 1673 953 de
1688 899 1733 951 oo
1747 873 1852 976 qud

459 1025 525 1097 per
554 1015 627 1071 tam
654 999 806 1097 longum
838 997 1010 1096 temporis
1042 998 1200 1097 spacium
1234 1000 1347 1099 ipsam
1383 996 1681 1079 consuetudinem
1718 988 1851 1096 injuste

462 1138 667 1208 tenueram,
695 1118 835 1191 darent.
866 1118 973 1212 Quod
994 1117 1123 1191 libenti
1148 1122 1271 1196 animo
1291 1119 1592 1222 adimpleverunt.
1611 1119 1648 1191 si
1665 1119 1746 1220 quis
1762 1143 1851 1192 vero

461 1243 553 1314 hano
567 1238 865 1317 consuetudinem
881 1240 1009 1323 iterare
1021 1241 1201 1331 voluerit,
1214 1241 1531 1325 anathematizatus
1543 1257 1650 1342 atque
1662 1241 1851 1314 convictus

461 1362 612 1436 testibus
625 1364 664 1435 in
677 1362 920 1461 perditionem
933 1376 1010 1451 eat,
1030 1388 1114 1434 cum
1126 1363 1232 1437 Anna
1249 1379 1290 1437 et
1304 1362 1456 1463 Caypha.
1475 1365 1526 1437 Ut
1539 1380 1660 1437 autem
1672 1363 1751 1437 haec
1767 1387 1852 1434 car-

462 1485 535 1557 tuia
568 1482 787 1560 inviolabilis
812 1484 1004 1574 consistat,
1034 1499 1118 1557 ante
1141 1485 1260 1584 ipsum
1281 1485 1416 1574 altare,
1442 1511 1520 1560 mea
1545 1509 1656 1558 uranu
1681 1499 1718 1557 et
1742 1508 1853 1556 manu

462 1607 527 1679 filii
545 1607 616 1680 mei
634 1607 939 1717 supranominati,
963 1605 1100 1689 firmavi
1116 1660 1128 1698 ,
1152 1633 1275 1689 coram
1290 1607 1500 1708 subscriptis
1517 1606 1667 1693 testibus
1683 1637 1693 1685 ;
1712 1603 1854 1687 dehen-

463 1755 524 1801 nes
540 1729 773 1831 praepositus,
787 1725 993 1814 Adelelmus
1003 1726 1047 1805 de
1061 1728 1208 1821 feluix,
1222 1729 1300 1816 Ode
1313 1728 1357 1812 de
1371 1730 1501 1811 Monte
1512 1730 1703 1821 Morentii3
1719 1725 1853 1809 Teiti-

463 1832 552 1947 nus,
572 1850 668 1922 filius
687 1851 852 1945 Viuiani3
878 1849 1155 1931 VValteriusde
1180 1852 1308 1946 Aneis,
1331 1851 1524 1937 liuiutldus
1545 1850 1776 1933 senescalcus·
1794 1847 1854 1947 Ex

462 1974 595 2051 nostris
615 2003 623 2043 :
645 1971 858 2049 Gausfridus
875 1972 1038 2059 Bicotus,
1059 1973 1223 2049 Oduinus
1240 1977 1375 2077 major3
1394 1975 1526 2055 odeat
1542 1969 1855 2071 Bommufira-

464 2110 553 2182 tres;
574 2095 783 2184 Brunellus;
805 2093 1028 2194 Stephanus,
1050 2093 1145 2177 filius
1165 2094 1348 2187 Aitrudis3
1373 2096 1586 2189 liuboldus,
1610 2092 1853 2180 Gislebertut,

462 2217 672 2315 Bernerius,
693 2215 915 2299 Gausbertus
932 2217 1064 2316 pistor,
1083 2215 1284 2299 Herbessos
1301 2219 1433 2321 pistor,
1450 2217 1667 2299 Herhelinus
1678 2217 1724 2298 de
1736 2216 1854 2316 Rupe,

462 2334 697 2431 Guarnerius,
709 2337 943 2415 Constantius
951 2367 964 2428 3
979 2335 1203 2429 tescelinus,
1218 2341 1446 2446 praenomine
1459 2339 1641 2446 Equitium
1654 2335 1855 2429 teduinus,

462 2456 556 2529 filins
569 2457 769 2554 liodberti,
788 2458 984 2548 Ernulius,
999 2458 1095 2541 filius
1107 2458 1254 2539 oduini.
1272 2491 1291 2528 »

899 2687 1270 2788 carnotus
1304 2691 1412 2785 tu.
1467 2624 1469 2627 Ι

942 2933 987 3005 De
1001 2934 1115 2997 teloneo
1128 2934 1272 2996 Vernonis
1287 2939 1384 3005 casui.

516 3196 533 3233 a
549 3165 591 3237 ln
608 3164 673 3238 Dei
692 3163 855 3238 nomine.
881 3163 1020 3238 Notum
1036 3189 1111 3237 esse
1136 3164 1303 3245 volumus
1319 3163 1496 3271 omnihus¹
1510 3163 1760 3265 Christicolis,
1785 3181 1858 3253 tam

463 3287 704 3386 praesentibus
733 3311 844 3386 quam
872 3284 1007 3358 suturis
1018 3340 1029 3375 ,
1056 3312 1123 3388 ego
1154 3288 1260 3388 lingo
1289 3268 1508 3380 monachus,
1541 3316 1625 3361 cum
1658 3288 1737 3364 filio
1775 3316 1860 3365 meo

464 3409 666 3485 VVilieimo
684 3407 800 3481 adhuc
819 3408 996 3508 puerulo,
1019 3409 1123 3519 quia,
1148 3436 1220 3509 pro
1240 3407 1401 3492 remedio
1425 3411 1627 3482 animarum
1650 3426 1859 3487 nostrarum

464 3557 524 3604 seu
542 3548 733 3631 parentum
752 3547 962 3606 nostrorum
971 3584 981 3618 ,
1004 3528 1303 3604 consuetudinem
1315 3531 1473 3618 telonei,
1493 3532 1593 3634 quod
1609 3549 1696 3632 aput
1712 3534 1859 3610 verno-

465 3678 548 3725 nem
561 3669 719 3724 castrum
733 3669 901 3726 nostrum
914 3678 1013 3725 nunc
1030 3679 1142 3753 usque
1155 3671 1209 3726 est
1226 3669 1409 3752 aceeptus,
1421 3655 1557 3730 Sancto
1572 3655 1680 3729 Petro
1694 3654 1857 3730 coenobii

464 3775 694 3847 carnotensis
708 3790 815 3876 atque
828 3776 956 3850 Josiaci
978 3775 1103 3864 cellae,
1124 3775 1380 3887 monachisque
1397 3776 1474 3883 illic!
1484 3779 1561 3851 Deo
1576 3773 1855 3863 famulantibus,

463 3895 721 3994 perpetualiter
745 3893 998 3983 concedimus,
1022 3912 1064 3968 ut
1089 3897 1234 3970 nullum
1257 3897 1296 3970 in
1320 3914 1507 3997 posterum
1521 3899 1739 3998 'persolvant
1763 3897 1859 3972 telo-

464 4042 574 4091 neum
591 4016 759 4091 derebus
782 4019 903 4090 Sancti
920 4021 1044 4107 Petri,
1066 4045 1133 4118 per
1149 4019 1288 4093 ilumen
1306 4020 1501 4121 Sequanae,
1526 4020 1599 4094 sive
1616 4045 1682 4119 per
1698 4034 1856 4108 terram,

464 4142 707 4240 Rotomagum
720 4139 881 4214 adductis
890 4141 946 4214 vei
962 4140 1046 4214 inde
1055 4139 1226 4215 reductis.
1240 4143 1319 4216 Hoc
1330 4140 1476 4242 quidem
1490 4169 1556 4242 per
1567 4139 1859 4241 deprecationem

464 4259 631 4333 Landrici
649 4261 789 4360 praefati
809 4262 972 4338 coenobii
988 4263 1129 4336 abbatis
1146 4265 1405 4352 concessimus,
1423 4291 1444 4336 a
1459 4290 1535 4365 quo
1551 4264 1706 4365 proinde
1719 4279 1755 4336 et
1772 4274 1859 4339 ora-

465 4385 582 4456 tiones
592 4383 662 4456 loci
676 4410 716 4456 ac
727 4410 842 4457 unum
855 4408 988 4486 equum
1003 4387 1185 4486 optimum
1195 4386 1409 4485 recepimus.
1422 4386 1461 4459 Si
1474 4386 1556 4487 quis
1569 4399 1689 4459 autem
1702 4382 1859 4459 ecciesiae

465 4531 589 4578 rernm
617 4506 761 4581 invasor
788 4525 915 4580 contra
941 4506 1033 4580 hanc
1056 4509 1288 4611 largitionem
1312 4523 1475 4582 nostram
1498 4508 1685 4607 insurgere
1707 4522 1861 4609 tempta-

465 4628 579 4716 verit,
605 4627 791 4702 insolubili
819 4629 1082 4704 maledictionis
1114 4655 1210 4704 nexu
1241 4631 1396 4735 ligatus,
1423 4654 1506 4702 cum
1528 4626 1667 4703 Zabulo
1697 4624 1860 4703 tradatur

465 4750 648 4847 perpetuis
662 4752 797 4849 poenis.
825 4752 925 4824 Hanc
949 4765 1069 4825 autem
1089 4752 1262 4827 cartulam
1288 4750 1457 4825 manibus
1481 4752 1615 4827 nostris
1640 4777 1724 4825 cum
1749 4748 1860 4853 signis

468 4870 807 4962 corroboravimus,
844 4873 1017 4974 aliisque,
1051 4900 1211 4975 quorum
1244 4876 1392 4949 nomina
1424 4873 1624 4983 subscripta
1656 4873 1856 4965 hahentur,
